<?xml version="1.0" encoding="UTF-8"?>
<!DOCTYPE html PUBLIC "-//W3C//DTD XHTML 1.0 Transitional//EN"
    "http://www.w3.org/TR/xhtml1/DTD/xhtml1-transitional.dtd">
<html xmlns="http://www.w3.org/1999/xhtml" xml:lang="en" lang="en">
 <head>
  <title>
</title>
<meta http-equiv="Content-Type" content="text/html;charset=utf-8" />
  <meta name='ocr-system' content='tesseract 3.04.00' />
  <meta name='ocr-capabilities' content='ocr_page ocr_carea ocr_par ocr_line ocrx_word'/>
</head>
<body>
  <div class='ocr_page' id='page_1' title='image "./plutarchichaero10plutgoog_0026.png"; bbox 0 0 3642 5492; ppageno 0'>
   <div class='ocr_carea' id='block_1_1' title="bbox 471 636 1217 720">
    <p class='ocr_par' dir='ltr' id='par_1_1' title="bbox 471 636 1217 720">
     <span class='ocr_line' id='line_1_1' title="bbox 471 636 1217 720; baseline -0.011 -1"><span class='ocrx_word' id='word_1_1' title='bbox 471 644 546 720; x_wconf 81' lang='lat' dir='ltr'>xxii</span> <span class='ocrx_word' id='word_1_2' title='bbox 753 636 1217 718; x_wconf 81' lang='lat' dir='ltr'>PRAEFATIO.</span> 
     </span>
    </p>
   </div>
   <div class='ocr_carea' id='block_1_2' title="bbox 473 817 1540 4590">
    <p class='ocr_par' dir='ltr' id='par_1_2' title="bbox 473 817 1540 4590">
     <span class='ocr_line' id='line_1_2' title="bbox 473 817 1509 927; baseline -0.014 -22"><span class='ocrx_word' id='word_1_3' title='bbox 473 826 609 905; x_wconf 87' lang='lat' dir='ltr'>Indices</span> <span class='ocrx_word' id='word_1_4' title='bbox 633 825 721 914; x_wconf 91' lang='lat' dir='ltr'>duo,</span> <span class='ocrx_word' id='word_1_5' title='bbox 743 826 806 927; x_wconf 89' lang='lat' dir='ltr'>qui</span> <span class='ocrx_word' id='word_1_6' title='bbox 829 823 965 901; x_wconf 79' lang='lat' dir='ltr'>exstant</span> <span class='ocrx_word' id='word_1_7' title='bbox 985 822 1023 898; x_wconf 88' lang='lat' dir='ltr'>iu</span> <span class='ocrx_word' id='word_1_8' title='bbox 1045 820 1212 898; x_wconf 87' lang='lat' dir='ltr'>Editione</span> <span class='ocrx_word' id='word_1_9' title='bbox 1230 817 1509 896; x_wconf 74' lang='lat' dir='ltr'>Grato-Latina</span> 
     </span>
     <span class='ocr_line' id='line_1_3' title="bbox 473 935 1508 1025; baseline -0.007 -11"><span class='ocrx_word' id='word_1_10' title='bbox 473 957 510 1015; x_wconf 89' lang='lat' dir='ltr'>et</span> <span class='ocrx_word' id='word_1_11' title='bbox 529 939 602 1013; x_wconf 88' lang='lat' dir='ltr'>aliis</span> <span class='ocrx_word' id='word_1_12' title='bbox 617 971 627 1025; x_wconf 90' lang='lat'>;</span> <span class='ocrx_word' id='word_1_13' title='bbox 653 939 740 1015; x_wconf 86' lang='lat' dir='ltr'>alter</span> <span class='ocrx_word' id='word_1_14' title='bbox 757 965 871 1015; x_wconf 88' lang='lat' dir='ltr'>rerum</span> <span class='ocrx_word' id='word_1_15' title='bbox 888 953 924 1012; x_wconf 95' lang='lat' dir='ltr'>et</span> <span class='ocrx_word' id='word_1_16' title='bbox 946 937 1132 1014; x_wconf 89' lang='lat' dir='ltr'>hominum</span> <span class='ocrx_word' id='word_1_17' title='bbox 1150 968 1161 1024; x_wconf 81' lang='lat'>3</span> <span class='ocrx_word' id='word_1_18' title='bbox 1187 936 1274 1010; x_wconf 89' lang='lat' dir='ltr'>alter</span> <span class='ocrx_word' id='word_1_19' title='bbox 1290 935 1508 1020; x_wconf 70' lang='lat' dir='ltr'>Audorum,</span> 
     </span>
     <span class='ocr_line' id='line_1_4' title="bbox 475 1050 1510 1153; baseline -0.006 -24"><span class='ocrx_word' id='word_1_20' title='bbox 475 1054 570 1153; x_wconf 85' lang='lat' dir='ltr'>isque</span> <span class='ocrx_word' id='word_1_21' title='bbox 588 1054 640 1127; x_wconf 92' lang='lat' dir='ltr'>bis</span> <span class='ocrx_word' id='word_1_22' title='bbox 658 1055 825 1152; x_wconf 90' lang='lat' dir='ltr'>repetitus</span> <span class='ocrx_word' id='word_1_23' title='bbox 848 1082 870 1127; x_wconf 87' lang='lat' dir='ltr'>a</span> <span class='ocrx_word' id='word_1_24' title='bbox 889 1051 1052 1130; x_wconf 79' lang='lat' dir='ltr'>Fabricio</span> <span class='ocrx_word' id='word_1_25' title='bbox 1075 1051 1113 1126; x_wconf 90' lang='lat' dir='ltr'>in</span> <span class='ocrx_word' id='word_1_26' title='bbox 1136 1050 1353 1126; x_wconf 81' lang='lat' dir='ltr'>Bibliotheca</span> <span class='ocrx_word' id='word_1_27' title='bbox 1369 1051 1510 1134; x_wconf 75' lang='lat' dir='ltr'>Graeca,</span> 
     </span>
     <span class='ocr_line' id='line_1_5' title="bbox 475 1160 1510 1269; baseline -0.008 -26"><span class='ocrx_word' id='word_1_28' title='bbox 475 1173 585 1266; x_wconf 82' lang='lat' dir='ltr'>¹altero</span> <span class='ocrx_word' id='word_1_29' title='bbox 601 1168 747 1269; x_wconf 91' lang='lat' dir='ltr'>quidem</span> <span class='ocrx_word' id='word_1_30' title='bbox 766 1171 844 1245; x_wconf 90' lang='lat' dir='ltr'>loco</span> <span class='ocrx_word' id='word_1_31' title='bbox 863 1181 1046 1254; x_wconf 70' lang='lat' dir='ltr'>novusne</span> <span class='ocrx_word' id='word_1_32' title='bbox 1063 1164 1126 1253; x_wconf 88' lang='lat' dir='ltr'>ait,</span> <span class='ocrx_word' id='word_1_33' title='bbox 1147 1180 1185 1239; x_wconf 86' lang='lat' dir='ltr'>ct</span> <span class='ocrx_word' id='word_1_34' title='bbox 1209 1160 1444 1262; x_wconf 77' lang='lat' dir='ltr'>locupletior:</span> <span class='ocrx_word' id='word_1_35' title='bbox 1471 1162 1510 1237; x_wconf 89' lang='lat' dir='ltr'>hi</span> 
     </span>
     <span class='ocr_line' id='line_1_6' title="bbox 477 1276 1510 1384; baseline -0.012 -21"><span class='ocrx_word' id='word_1_36' title='bbox 477 1284 586 1384; x_wconf 82' lang='lat' dir='ltr'>igitur</span> <span class='ocrx_word' id='word_1_37' title='bbox 611 1282 660 1359; x_wconf 92' lang='lat' dir='ltr'>nil</span> <span class='ocrx_word' id='word_1_38' title='bbox 682 1300 779 1358; x_wconf 88' lang='lat' dir='ltr'>erant</span> <span class='ocrx_word' id='word_1_39' title='bbox 801 1285 846 1358; x_wconf 85' lang='lat' dir='ltr'>ad</span> <span class='ocrx_word' id='word_1_40' title='bbox 868 1309 946 1358; x_wconf 89' lang='lat' dir='ltr'>eam</span> <span class='ocrx_word' id='word_1_41' title='bbox 969 1307 1078 1381; x_wconf 90' lang='lat' dir='ltr'>quam</span> <span class='ocrx_word' id='word_1_42' title='bbox 1097 1305 1163 1380; x_wconf 90' lang='lat' dir='ltr'>ego</span> <span class='ocrx_word' id='word_1_43' title='bbox 1184 1277 1385 1379; x_wconf 67' lang='lat' dir='ltr'>spectabam</span> <span class='ocrx_word' id='word_1_44' title='bbox 1401 1276 1510 1352; x_wconf 84' lang='lat' dir='ltr'>ratio-</span> 
     </span>
     <span class='ocr_line' id='line_1_7' title="bbox 479 1391 1512 1495; baseline -0.005 -22"><span class='ocrx_word' id='word_1_45' title='bbox 479 1425 561 1473; x_wconf 87' lang='lat' dir='ltr'>nem</span> <span class='ocrx_word' id='word_1_46' title='bbox 579 1413 613 1472; x_wconf 88' lang='lat' dir='ltr'>et</span> <span class='ocrx_word' id='word_1_47' title='bbox 632 1397 795 1495; x_wconf 88' lang='lat' dir='ltr'>copiam:</span> <span class='ocrx_word' id='word_1_48' title='bbox 825 1401 868 1473; x_wconf 85' lang='lat' dir='ltr'>tic</span> <span class='ocrx_word' id='word_1_49' title='bbox 885 1395 1067 1495; x_wconf 89' lang='lat' dir='ltr'>composui</span> <span class='ocrx_word' id='word_1_50' title='bbox 1083 1420 1195 1484; x_wconf 87' lang='lat' dir='ltr'>meos,</span> <span class='ocrx_word' id='word_1_51' title='bbox 1218 1419 1261 1468; x_wconf 86' lang='lat' dir='ltr'>ac</span> <span class='ocrx_word' id='word_1_52' title='bbox 1283 1397 1308 1468; x_wconf 89' lang='lat' dir='ltr'>li</span> <span class='ocrx_word' id='word_1_53' title='bbox 1325 1392 1374 1468; x_wconf 80' lang='lat' dir='ltr'>mi</span> <span class='ocrx_word' id='word_1_54' title='bbox 1391 1391 1512 1468; x_wconf 80' lang='lat' dir='ltr'>omni·</span> 
     </span>
     <span class='ocr_line' id='line_1_8' title="bbox 479 1507 1512 1588; baseline -0.002 -2"><span class='ocrx_word' id='word_1_55' title='bbox 479 1538 527 1586; x_wconf 94' lang='lat' dir='ltr'>no</span> <span class='ocrx_word' id='word_1_56' title='bbox 545 1538 616 1586; x_wconf 90' lang='lat' dir='ltr'>non</span> <span class='ocrx_word' id='word_1_57' title='bbox 634 1513 753 1588; x_wconf 85' lang='lat' dir='ltr'>essent.</span> <span class='ocrx_word' id='word_1_58' title='bbox 805 1512 940 1587; x_wconf 87' lang='lat' dir='ltr'>Indices</span> <span class='ocrx_word' id='word_1_59' title='bbox 962 1511 1032 1586; x_wconf 90' lang='lat' dir='ltr'>mei</span> <span class='ocrx_word' id='word_1_60' title='bbox 1057 1511 1159 1584; x_wconf 87' lang='lat' dir='ltr'>semel</span> <span class='ocrx_word' id='word_1_61' title='bbox 1183 1507 1333 1588; x_wconf 76' lang='lat' dir='ltr'>confecti</span> <span class='ocrx_word' id='word_1_62' title='bbox 1350 1509 1512 1584; x_wconf 89' lang='lat' dir='ltr'>multum</span> 
     </span>
     <span class='ocr_line' id='line_1_9' title="bbox 480 1623 1514 1724; baseline -0.003 -22"><span class='ocrx_word' id='word_1_63' title='bbox 480 1625 568 1702; x_wconf 90' lang='lat' dir='ltr'>mibi</span> <span class='ocrx_word' id='word_1_64' title='bbox 584 1625 790 1724; x_wconf 79' lang='lat' dir='ltr'>profuerunt</span> <span class='ocrx_word' id='word_1_65' title='bbox 805 1627 850 1700; x_wconf 90' lang='lat' dir='ltr'>ad</span> <span class='ocrx_word' id='word_1_66' title='bbox 868 1626 996 1702; x_wconf 90' lang='lat' dir='ltr'>laboris</span> <span class='ocrx_word' id='word_1_67' title='bbox 1011 1624 1282 1723; x_wconf 81' lang='lat' dir='ltr'>compendium:</span> <span class='ocrx_word' id='word_1_68' title='bbox 1300 1623 1373 1723; x_wconf 88' lang='lat' dir='ltr'>ipsa</span> <span class='ocrx_word' id='word_1_69' title='bbox 1386 1648 1514 1699; x_wconf 84' lang='lat' dir='ltr'>eorum</span> 
     </span>
     <span class='ocr_line' id='line_1_10' title="bbox 481 1738 1513 1840; baseline -0.001 -26"><span class='ocrx_word' id='word_1_70' title='bbox 481 1738 656 1816; x_wconf 68' lang='lat' dir='ltr'>confestio</span> <span class='ocrx_word' id='word_1_71' title='bbox 684 1740 852 1836; x_wconf 86' lang='lat' dir='ltr'>majorem</span> <span class='ocrx_word' id='word_1_72' title='bbox 875 1755 1011 1840; x_wconf 89' lang='lat' dir='ltr'>partem</span> <span class='ocrx_word' id='word_1_73' title='bbox 1042 1739 1208 1839; x_wconf 90' lang='lat' dir='ltr'>temporis</span> <span class='ocrx_word' id='word_1_74' title='bbox 1232 1766 1254 1814; x_wconf 88' lang='lat' dir='ltr'>a</span> <span class='ocrx_word' id='word_1_75' title='bbox 1275 1765 1333 1818; x_wconf 86' lang='lat' dir='ltr'>me</span> <span class='ocrx_word' id='word_1_76' title='bbox 1359 1739 1396 1816; x_wconf 86' lang='lat' dir='ltr'>iu</span> <span class='ocrx_word' id='word_1_77' title='bbox 1425 1741 1513 1816; x_wconf 83' lang='lat' dir='ltr'>Plu-</span> 
     </span>
     <span class='ocr_line' id='line_1_11' title="bbox 483 1852 1518 1954; baseline 0.003 -25"><span class='ocrx_word' id='word_1_78' title='bbox 483 1856 607 1929; x_wconf 89' lang='lat' dir='ltr'>tarcho</span> <span class='ocrx_word' id='word_1_79' title='bbox 636 1855 795 1930; x_wconf 88' lang='lat' dir='ltr'>collocati</span> <span class='ocrx_word' id='word_1_80' title='bbox 822 1856 1000 1942; x_wconf 87' lang='lat' dir='ltr'>absumfit,</span> <span class='ocrx_word' id='word_1_81' title='bbox 1027 1854 1178 1953; x_wconf 83' lang='lat' dir='ltr'>fuitque,</span> <span class='ocrx_word' id='word_1_82' title='bbox 1204 1869 1385 1942; x_wconf 84' lang='lat' dir='ltr'>caeterum,</span> <span class='ocrx_word' id='word_1_83' title='bbox 1412 1852 1518 1954; x_wconf 84' lang='lat' dir='ltr'>supra</span> 
     </span>
     <span class='ocr_line' id='line_1_12' title="bbox 482 1968 1515 2070; baseline -0.001 -25"><span class='ocrx_word' id='word_1_84' title='bbox 482 1994 592 2070; x_wconf 85' lang='lat' dir='ltr'>quam</span> <span class='ocrx_word' id='word_1_85' title='bbox 608 1968 676 2046; x_wconf 90' lang='lat' dir='ltr'>dici</span> <span class='ocrx_word' id='word_1_86' title='bbox 694 1968 823 2067; x_wconf 91' lang='lat' dir='ltr'>potest,</span> <span class='ocrx_word' id='word_1_87' title='bbox 847 1970 947 2067; x_wconf 90' lang='lat' dir='ltr'>plena</span> <span class='ocrx_word' id='word_1_88' title='bbox 970 1969 1095 2044; x_wconf 87' lang='lat' dir='ltr'>laboris</span> <span class='ocrx_word' id='word_1_89' title='bbox 1118 1995 1159 2043; x_wconf 86' lang='lat' dir='ltr'>ac</span> <span class='ocrx_word' id='word_1_90' title='bbox 1183 1968 1292 2058; x_wconf 84' lang='lat' dir='ltr'>taedii,</span> <span class='ocrx_word' id='word_1_91' title='bbox 1318 1971 1418 2068; x_wconf 80' lang='lat' dir='ltr'>cuj‘us</span> <span class='ocrx_word' id='word_1_92' title='bbox 1434 1995 1515 2046; x_wconf 89' lang='lat' dir='ltr'>mo·</span> 
     </span>
     <span class='ocr_line' id='line_1_13' title="bbox 483 2081 1515 2180; baseline 0.004 -24"><span class='ocrx_word' id='word_1_93' title='bbox 483 2083 579 2156; x_wconf 86' lang='lat' dir='ltr'>lestia</span> <span class='ocrx_word' id='word_1_94' title='bbox 606 2081 715 2180; x_wconf 83' lang='lat' dir='ltr'>ipsam</span> <span class='ocrx_word' id='word_1_95' title='bbox 746 2082 952 2159; x_wconf 87' lang='lat' dir='ltr'>suavitatem</span> <span class='ocrx_word' id='word_1_96' title='bbox 985 2083 1142 2160; x_wconf 71' lang='lat' dir='ltr'>ledionis</span> <span class='ocrx_word' id='word_1_97' title='bbox 1172 2085 1342 2162; x_wconf 88' lang='lat' dir='ltr'>librorum</span> <span class='ocrx_word' id='word_1_98' title='bbox 1374 2087 1515 2162; x_wconf 87' lang='lat' dir='ltr'>Plutar-</span> 
     </span>
     <span class='ocr_line' id='line_1_14' title="bbox 484 2199 1517 2298; baseline 0.007 -23"><span class='ocrx_word' id='word_1_99' title='bbox 484 2201 653 2275; x_wconf 86' lang='lat' dir='ltr'>cheorum</span> <span class='ocrx_word' id='word_1_100' title='bbox 680 2199 865 2274; x_wconf 90' lang='lat' dir='ltr'>obrueret:</span> <span class='ocrx_word' id='word_1_101' title='bbox 892 2225 973 2298; x_wconf 84' lang='lat' dir='ltr'>quae</span> <span class='ocrx_word' id='word_1_102' title='bbox 1000 2199 1078 2274; x_wconf 85' lang='lat' dir='ltr'>lane</span> <span class='ocrx_word' id='word_1_103' title='bbox 1099 2201 1204 2275; x_wconf 73' lang='lat' dir='ltr'>ladio</span> <span class='ocrx_word' id='word_1_104' title='bbox 1229 2199 1324 2276; x_wconf 88' lang='lat' dir='ltr'>istius</span> <span class='ocrx_word' id='word_1_105' title='bbox 1348 2227 1517 2282; x_wconf 75' lang='lat' dir='ltr'>aerumnae</span> 
     </span>
     <span class='ocr_line' id='line_1_15' title="bbox 486 2311 1519 2396; baseline 0.012 -12"><span class='ocrx_word' id='word_1_106' title='bbox 486 2312 632 2389; x_wconf 89' lang='lat' dir='ltr'>unicum</span> <span class='ocrx_word' id='word_1_107' title='bbox 659 2311 727 2390; x_wconf 84' lang='lat' dir='ltr'>fuit</span> <span class='ocrx_word' id='word_1_108' title='bbox 750 2313 925 2390; x_wconf 88' lang='lat' dir='ltr'>solatium.</span> <span class='ocrx_word' id='word_1_109' title='bbox 977 2314 1079 2389; x_wconf 88' lang='lat' dir='ltr'>Utile</span> <span class='ocrx_word' id='word_1_110' title='bbox 1104 2316 1194 2389; x_wconf 85' lang='lat' dir='ltr'>forte</span> <span class='ocrx_word' id='word_1_111' title='bbox 1224 2320 1264 2391; x_wconf 83' lang='lat' dir='ltr'>fit</span> <span class='ocrx_word' id='word_1_112' title='bbox 1293 2317 1338 2390; x_wconf 88' lang='lat' dir='ltr'>ad</span> <span class='ocrx_word' id='word_1_113' title='bbox 1366 2315 1519 2396; x_wconf 81' lang='lat' dir='ltr'>aliorum</span> 
     </span>
     <span class='ocr_line' id='line_1_16' title="bbox 485 2420 1519 2527; baseline 0.004 -25"><span class='ocrx_word' id='word_1_114' title='bbox 485 2420 765 2504; x_wconf 86' lang='lat' dir='ltr'>admonitionem</span> <span class='ocrx_word' id='word_1_115' title='bbox 791 2427 922 2526; x_wconf 90' lang='lat' dir='ltr'>quibus</span> <span class='ocrx_word' id='word_1_116' title='bbox 949 2429 1138 2527; x_wconf 86' lang='lat' dir='ltr'>aliquando</span> <span class='ocrx_word' id='word_1_117' title='bbox 1166 2430 1260 2505; x_wconf 88' lang='lat' dir='ltr'>idem</span> <span class='ocrx_word' id='word_1_118' title='bbox 1287 2430 1410 2506; x_wconf 84' lang='lat' dir='ltr'>saxum</span> <span class='ocrx_word' id='word_1_119' title='bbox 1440 2432 1519 2506; x_wconf 91' lang='lat' dir='ltr'>vol·</span> 
     </span>
     <span class='ocr_line' id='line_1_17' title="bbox 486 2541 1520 2644; baseline 0.005 -29"><span class='ocrx_word' id='word_1_120' title='bbox 486 2545 643 2618; x_wconf 89' lang='lat' dir='ltr'>vendum</span> <span class='ocrx_word' id='word_1_121' title='bbox 670 2541 734 2618; x_wconf 91' lang='lat' dir='ltr'>erit</span> <span class='ocrx_word' id='word_1_122' title='bbox 760 2542 795 2616; x_wconf 89' lang='lat' dir='ltr'>in</span> <span class='ocrx_word' id='word_1_123' title='bbox 825 2542 967 2618; x_wconf 86' lang='lat' dir='ltr'>edendis</span> <span class='ocrx_word' id='word_1_124' title='bbox 996 2569 1131 2644; x_wconf 86' lang='lat' dir='ltr'>magnae</span> <span class='ocrx_word' id='word_1_125' title='bbox 1157 2545 1259 2621; x_wconf 88' lang='lat' dir='ltr'>molis</span> <span class='ocrx_word' id='word_1_126' title='bbox 1287 2544 1520 2633; x_wconf 75' lang='lat' dir='ltr'>Auctoribus,</span> 
     </span>
     <span class='ocr_line' id='line_1_18' title="bbox 489 2655 1521 2757; baseline 0.001 -25"><span class='ocrx_word' id='word_1_127' title='bbox 489 2656 545 2732; x_wconf 83' lang='lat' dir='ltr'>sed</span> <span class='ocrx_word' id='word_1_128' title='bbox 562 2660 709 2757; x_wconf 88' lang='lat' dir='ltr'>longum</span> <span class='ocrx_word' id='word_1_129' title='bbox 733 2656 783 2731; x_wconf 89' lang='lat' dir='ltr'>est</span> <span class='ocrx_word' id='word_1_130' title='bbox 802 2682 867 2757; x_wconf 91' lang='lat' dir='ltr'>pro</span> <span class='ocrx_word' id='word_1_131' title='bbox 888 2655 1105 2755; x_wconf 84' lang='lat' dir='ltr'>praelatione,</span> <span class='ocrx_word' id='word_1_132' title='bbox 1131 2658 1265 2748; x_wconf 88' lang='lat' dir='ltr'>referre,</span> <span class='ocrx_word' id='word_1_133' title='bbox 1286 2675 1328 2734; x_wconf 91' lang='lat' dir='ltr'>ut</span> <span class='ocrx_word' id='word_1_134' title='bbox 1350 2674 1521 2735; x_wconf 87' lang='lat' dir='ltr'>enotave·</span> 
     </span>
     <span class='ocr_line' id='line_1_19' title="bbox 489 2771 1523 2874; baseline 0.006 -30"><span class='ocrx_word' id='word_1_135' title='bbox 489 2771 570 2859; x_wconf 87' lang='lat' dir='ltr'>rim,</span> <span class='ocrx_word' id='word_1_136' title='bbox 592 2771 845 2860; x_wconf 80' lang='lat' dir='ltr'>annotaverim,</span> <span class='ocrx_word' id='word_1_137' title='bbox 870 2772 1110 2872; x_wconf 87' lang='lat' dir='ltr'>excerpserim,</span> <span class='ocrx_word' id='word_1_138' title='bbox 1134 2791 1299 2874; x_wconf 83' lang='lat' dir='ltr'>excerpta</span> <span class='ocrx_word' id='word_1_139' title='bbox 1323 2775 1359 2848; x_wconf 94' lang='lat' dir='ltr'>in</span> <span class='ocrx_word' id='word_1_140' title='bbox 1382 2775 1523 2851; x_wconf 89' lang='lat' dir='ltr'>Indices</span> 
     </span>
     <span class='ocr_line' id='line_1_20' title="bbox 489 2881 1523 2987; baseline 0.004 -27"><span class='ocrx_word' id='word_1_141' title='bbox 489 2885 611 2963; x_wconf 84' lang='lat' dir='ltr'>referre</span> <span class='ocrx_word' id='word_1_142' title='bbox 640 2887 832 2965; x_wconf 75' lang='lat' dir='ltr'>studuerIm</span> <span class='ocrx_word' id='word_1_143' title='bbox 862 2887 1056 2964; x_wconf 87' lang='lat' dir='ltr'>brevissima</span> <span class='ocrx_word' id='word_1_144' title='bbox 1082 2887 1227 2976; x_wconf 88' lang='lat' dir='ltr'>ratione,</span> <span class='ocrx_word' id='word_1_145' title='bbox 1252 2889 1408 2987; x_wconf 91' lang='lat' dir='ltr'>primum</span> <span class='ocrx_word' id='word_1_146' title='bbox 1433 2881 1523 2964; x_wconf 87' lang='lat' dir='ltr'>con·</span> 
     </span>
     <span class='ocr_line' id='line_1_21' title="bbox 489 3001 1523 3101; baseline -0.001 -22"><span class='ocrx_word' id='word_1_147' title='bbox 489 3004 619 3091; x_wconf 84' lang='lat' dir='ltr'>tinu03</span> <span class='ocrx_word' id='word_1_148' title='bbox 646 3021 725 3082; x_wconf 91' lang='lat' dir='ltr'>tum</span> <span class='ocrx_word' id='word_1_149' title='bbox 744 3002 977 3101; x_wconf 85' lang='lat' dir='ltr'>peculiaribus</span> <span class='ocrx_word' id='word_1_150' title='bbox 1003 3001 1040 3080; x_wconf 88' lang='lat' dir='ltr'>in</span> <span class='ocrx_word' id='word_1_151' title='bbox 1062 3003 1194 3080; x_wconf 89' lang='lat' dir='ltr'>schedis</span> <span class='ocrx_word' id='word_1_152' title='bbox 1219 3006 1275 3079; x_wconf 90' lang='lat' dir='ltr'>vel</span> <span class='ocrx_word' id='word_1_153' title='bbox 1296 3003 1418 3078; x_wconf 89' lang='lat' dir='ltr'>ordine</span> <span class='ocrx_word' id='word_1_154' title='bbox 1442 3003 1523 3080; x_wconf 90' lang='lat' dir='ltr'>lite·</span> 
     </span>
     <span class='ocr_line' id='line_1_22' title="bbox 491 3116 1521 3216; baseline 0 -22"><span class='ocrx_word' id='word_1_155' title='bbox 491 3145 607 3210; x_wconf 78' lang='lat' dir='ltr'>rarum</span> <span class='ocrx_word' id='word_1_156' title='bbox 624 3121 679 3192; x_wconf 88' lang='lat' dir='ltr'>vel</span> <span class='ocrx_word' id='word_1_157' title='bbox 705 3116 904 3215; x_wconf 83' lang='lat' dir='ltr'>fimpliciter</span> <span class='ocrx_word' id='word_1_158' title='bbox 922 3117 1081 3205; x_wconf 84' lang='lat' dir='ltr'>scribens,</span> <span class='ocrx_word' id='word_1_159' title='bbox 1108 3117 1232 3216; x_wconf 89' lang='lat' dir='ltr'>scripta</span> <span class='ocrx_word' id='word_1_160' title='bbox 1251 3117 1521 3194; x_wconf 79' lang='lat' dir='ltr'>transscribens:</span> 
     </span>
     <span class='ocr_line' id='line_1_23' title="bbox 490 3230 1524 3332; baseline -0.002 -23"><span class='ocrx_word' id='word_1_161' title='bbox 490 3251 533 3310; x_wconf 90' lang='lat' dir='ltr'>ut</span> <span class='ocrx_word' id='word_1_162' title='bbox 562 3234 625 3308; x_wconf 87' lang='lat' dir='ltr'>viae</span> <span class='ocrx_word' id='word_1_163' title='bbox 655 3232 876 3332; x_wconf 88' lang='lat' dir='ltr'>longitudine</span> <span class='ocrx_word' id='word_1_164' title='bbox 912 3231 1132 3331; x_wconf 84' lang='lat' dir='ltr'>defatigatus,</span> <span class='ocrx_word' id='word_1_165' title='bbox 1166 3230 1239 3328; x_wconf 90' lang='lat' dir='ltr'>ejus</span> <span class='ocrx_word' id='word_1_166' title='bbox 1268 3232 1524 3330; x_wconf 86' lang='lat' dir='ltr'>compendium</span> 
     </span>
     <span class='ocr_line' id='line_1_24' title="bbox 493 3344 1524 3446; baseline -0.001 -24"><span class='ocrx_word' id='word_1_167' title='bbox 493 3345 708 3446; x_wconf 88' lang='lat' dir='ltr'>quaefiverim</span> <span class='ocrx_word' id='word_1_168' title='bbox 728 3372 790 3420; x_wconf 90' lang='lat' dir='ltr'>nec</span> <span class='ocrx_word' id='word_1_169' title='bbox 808 3346 1021 3424; x_wconf 85' lang='lat' dir='ltr'>invenerim:</span> <span class='ocrx_word' id='word_1_170' title='bbox 1041 3363 1082 3421; x_wconf 90' lang='lat' dir='ltr'>ut</span> <span class='ocrx_word' id='word_1_171' title='bbox 1100 3347 1228 3426; x_wconf 89' lang='lat' dir='ltr'>itemm</span> <span class='ocrx_word' id='word_1_172' title='bbox 1245 3344 1468 3434; x_wconf 85' lang='lat' dir='ltr'>tentaverim,</span> <span class='ocrx_word' id='word_1_173' title='bbox 1486 3361 1524 3421; x_wconf 91' lang='lat' dir='ltr'>et</span> 
     </span>
     <span class='ocr_line' id='line_1_25' title="bbox 493 3460 1523 3561; baseline 0.001 -25"><span class='ocrx_word' id='word_1_174' title='bbox 493 3463 673 3561; x_wconf 88' lang='lat' dir='ltr'>pererratis</span> <span class='ocrx_word' id='word_1_175' title='bbox 690 3460 812 3538; x_wconf 88' lang='lat' dir='ltr'>multis</span> <span class='ocrx_word' id='word_1_176' title='bbox 830 3461 1035 3560; x_wconf 84' lang='lat' dir='ltr'>ambagibus</span> <span class='ocrx_word' id='word_1_177' title='bbox 1052 3462 1202 3560; x_wconf 89' lang='lat' dir='ltr'>denique</span> <span class='ocrx_word' id='word_1_178' title='bbox 1215 3464 1260 3536; x_wconf 92' lang='lat' dir='ltr'>ad</span> <span class='ocrx_word' id='word_1_179' title='bbox 1276 3461 1427 3559; x_wconf 85' lang='lat' dir='ltr'>primam</span> <span class='ocrx_word' id='word_1_180' title='bbox 1443 3463 1523 3537; x_wconf 91' lang='lat' dir='ltr'>lon·</span> 
     </span>
     <span class='ocr_line' id='line_1_26' title="bbox 492 3568 1524 3679; baseline -0.003 -27"><span class='ocrx_word' id='word_1_181' title='bbox 492 3579 697 3678; x_wconf 87' lang='lat' dir='ltr'>gioremque</span> <span class='ocrx_word' id='word_1_182' title='bbox 715 3568 811 3652; x_wconf 87' lang='lat' dir='ltr'>viam</span> <span class='ocrx_word' id='word_1_183' title='bbox 825 3575 973 3679; x_wconf 90' lang='lat' dir='ltr'>recipere</span> <span class='ocrx_word' id='word_1_184' title='bbox 989 3602 1045 3652; x_wconf 89' lang='lat' dir='ltr'>me</span> <span class='ocrx_word' id='word_1_185' title='bbox 1072 3579 1213 3651; x_wconf 72' lang='lat' dir='ltr'>coaetus</span> <span class='ocrx_word' id='word_1_186' title='bbox 1229 3575 1369 3653; x_wconf 88' lang='lat' dir='ltr'>fuerim.</span> <span class='ocrx_word' id='word_1_187' title='bbox 1418 3579 1524 3677; x_wconf 81' lang='lat' dir='ltr'>Qro·</span> 
     </span>
     <span class='ocr_line' id='line_1_27' title="bbox 492 3691 1525 3795; baseline -0.005 -25"><span class='ocrx_word' id='word_1_188' title='bbox 492 3696 559 3771; x_wconf 88' lang='lat' dir='ltr'>ties</span> <span class='ocrx_word' id='word_1_189' title='bbox 577 3719 648 3795; x_wconf 85' lang='lat' dir='ltr'>ego·</span> <span class='ocrx_word' id='word_1_190' title='bbox 661 3711 745 3769; x_wconf 88' lang='lat' dir='ltr'>tunc</span> <span class='ocrx_word' id='word_1_191' title='bbox 769 3692 813 3768; x_wconf 90' lang='lat' dir='ltr'>de</span> <span class='ocrx_word' id='word_1_192' title='bbox 840 3694 1146 3768; x_wconf 77' lang='lat' dir='ltr'>Vnucrceunnro</span> <span class='ocrx_word' id='word_1_193' title='bbox 1164 3691 1340 3790; x_wconf 84' lang='lat' dir='ltr'>cogitavi!</span> <span class='ocrx_word' id='word_1_194' title='bbox 1367 3716 1525 3788; x_wconf 85' lang='lat' dir='ltr'>eumque</span> 
     </span>
     <span class='ocr_line' id='line_1_28' title="bbox 495 3805 1526 3906; baseline -0.005 -21"><span class='ocrx_word' id='word_1_195' title='bbox 495 3837 568 3886; x_wconf 84' lang='lat' dir='ltr'>non</span> <span class='ocrx_word' id='word_1_196' title='bbox 586 3815 653 3885; x_wconf 80' lang='lat' dir='ltr'>sine</span> <span class='ocrx_word' id='word_1_197' title='bbox 671 3808 803 3887; x_wconf 88' lang='lat' dir='ltr'>ratione</span> <span class='ocrx_word' id='word_1_198' title='bbox 822 3805 924 3906; x_wconf 85' lang='lat' dir='ltr'>egille</span> <span class='ocrx_word' id='word_1_199' title='bbox 938 3806 1106 3894; x_wconf 86' lang='lat' dir='ltr'>intellexi,</span> <span class='ocrx_word' id='word_1_200' title='bbox 1130 3831 1244 3904; x_wconf 90' lang='lat' dir='ltr'>quum</span> <span class='ocrx_word' id='word_1_201' title='bbox 1261 3805 1347 3882; x_wconf 89' lang='lat' dir='ltr'>mihi</span> <span class='ocrx_word' id='word_1_202' title='bbox 1363 3805 1526 3894; x_wconf 79' lang='lat' dir='ltr'>suafiffet,</span> 
     </span>
     <span class='ocr_line' id='line_1_29' title="bbox 498 3920 1540 4020; baseline -0.007 -23"><span class='ocrx_word' id='word_1_203' title='bbox 498 3952 569 3998; x_wconf 93' lang='lat' dir='ltr'>non</span> <span class='ocrx_word' id='word_1_204' title='bbox 598 3921 765 4010; x_wconf 87' lang='lat' dir='ltr'>universa,</span> <span class='ocrx_word' id='word_1_205' title='bbox 800 3921 856 4002; x_wconf 85' lang='lat' dir='ltr'>sed</span> <span class='ocrx_word' id='word_1_206' title='bbox 890 3923 1022 4020; x_wconf 83' lang='lat' dir='ltr'>lingula</span> <span class='ocrx_word' id='word_1_207' title='bbox 1052 3921 1229 4000; x_wconf 87' lang='lat' dir='ltr'>Plutarchi</span> <span class='ocrx_word' id='word_1_208' title='bbox 1258 3920 1383 4020; x_wconf 88' lang='lat' dir='ltr'>scripta</span> <span class='ocrx_word' id='word_1_209' title='bbox 1411 3920 1540 4004; x_wconf 63' lang='lat' dir='ltr'>edere,</span> 
     </span>
     <span class='ocr_line' id='line_1_30' title="bbox 496 4035 1530 4136; baseline -0.009 -20"><span class='ocrx_word' id='word_1_210' title='bbox 496 4042 564 4116; x_wconf 83' lang='lat' dir='ltr'>Sed</span> <span class='ocrx_word' id='word_1_211' title='bbox 592 4039 667 4134; x_wconf 90' lang='lat' dir='ltr'>jam</span> <span class='ocrx_word' id='word_1_212' title='bbox 694 4037 730 4113; x_wconf 90' lang='lat' dir='ltr'>in</span> <span class='ocrx_word' id='word_1_213' title='bbox 756 4037 906 4133; x_wconf 84' lang='lat' dir='ltr'>stadium</span> <span class='ocrx_word' id='word_1_214' title='bbox 935 4037 1083 4136; x_wconf 85' lang='lat' dir='ltr'>ingrefl&#39;o</span> <span class='ocrx_word' id='word_1_215' title='bbox 1108 4049 1144 4112; x_wconf 90' lang='lat' dir='ltr'>et</span> <span class='ocrx_word' id='word_1_216' title='bbox 1170 4035 1322 4134; x_wconf 86' lang='lat' dir='ltr'>eousque</span> <span class='ocrx_word' id='word_1_217' title='bbox 1350 4036 1530 4132; x_wconf 78' lang='lat' dir='ltr'>progresso</span> 
     </span>
     <span class='ocr_line' id='line_1_31' title="bbox 497 4149 1527 4250; baseline -0.007 -21"><span class='ocrx_word' id='word_1_218' title='bbox 497 4171 598 4250; x_wconf 86' lang='lat' dir='ltr'>turpe</span> <span class='ocrx_word' id='word_1_219' title='bbox 626 4149 712 4225; x_wconf 88' lang='lat' dir='ltr'>mihi</span> <span class='ocrx_word' id='word_1_220' title='bbox 739 4151 913 4225; x_wconf 86' lang='lat' dir='ltr'>ducebam</span> <span class='ocrx_word' id='word_1_221' title='bbox 946 4152 1116 4238; x_wconf 89' lang='lat' dir='ltr'>recedere,</span> <span class='ocrx_word' id='word_1_222' title='bbox 1149 4166 1184 4224; x_wconf 89' lang='lat' dir='ltr'>et</span> <span class='ocrx_word' id='word_1_223' title='bbox 1216 4149 1376 4249; x_wconf 80' lang='lat' dir='ltr'>quemvis</span> <span class='ocrx_word' id='word_1_224' title='bbox 1403 4150 1527 4246; x_wconf 86' lang='lat' dir='ltr'>potius</span> 
     </span>
     <span class='ocr_line' id='line_1_32' title="bbox 497 4262 1526 4362; baseline -0.008 -17"><span class='ocrx_word' id='word_1_225' title='bbox 497 4272 652 4350; x_wconf 85' lang='lat' dir='ltr'>laborem</span> <span class='ocrx_word' id='word_1_226' title='bbox 666 4266 916 4340; x_wconf 83' lang='lat' dir='ltr'>exantlandum</span> <span class='ocrx_word' id='word_1_227' title='bbox 931 4264 1126 4340; x_wconf 87' lang='lat' dir='ltr'>statuebam</span> <span class='ocrx_word' id='word_1_228' title='bbox 1143 4265 1251 4362; x_wconf 87' lang='lat' dir='ltr'>quani</span> <span class='ocrx_word' id='word_1_229' title='bbox 1264 4262 1425 4339; x_wconf 90' lang='lat' dir='ltr'>editionis</span> <span class='ocrx_word' id='word_1_230' title='bbox 1442 4287 1526 4360; x_wconf 77' lang='lat' dir='ltr'>pro·</span> 
     </span>
     <span class='ocr_line' id='line_1_33' title="bbox 498 4377 1527 4484; baseline -0.008 -26"><span class='ocrx_word' id='word_1_231' title='bbox 498 4389 645 4484; x_wconf 76' lang='lat' dir='ltr'>positam</span> <span class='ocrx_word' id='word_1_232' title='bbox 663 4381 757 4479; x_wconf 87' lang='lat' dir='ltr'>spem</span> <span class='ocrx_word' id='word_1_233' title='bbox 776 4381 987 4478; x_wconf 85' lang='lat' dir='ltr'>laudemque</span> <span class='ocrx_word' id='word_1_234' title='bbox 1003 4377 1236 4456; x_wconf 88' lang='lat' dir='ltr'>deserendam.</span> <span class='ocrx_word' id='word_1_235' title='bbox 1276 4377 1429 4465; x_wconf 75' lang='lat' dir='ltr'>perrexi,</span> <span class='ocrx_word' id='word_1_236' title='bbox 1447 4403 1527 4477; x_wconf 81' lang='lat' dir='ltr'>per·</span> 
     </span>
     <span class='ocr_line' id='line_1_34' title="bbox 496 4492 1527 4590; baseline -0.009 -16"><span class='ocrx_word' id='word_1_237' title='bbox 496 4499 573 4584; x_wconf 78' lang='lat' dir='ltr'>feci.</span> <span class='ocrx_word' id='word_1_238' title='bbox 626 4501 673 4579; x_wconf 88' lang='lat' dir='ltr'>Et</span> <span class='ocrx_word' id='word_1_239' title='bbox 698 4496 777 4571; x_wconf 91' lang='lat' dir='ltr'>sunt</span> <span class='ocrx_word' id='word_1_240' title='bbox 801 4495 876 4576; x_wconf 83' lang='lat' dir='ltr'>sane</span> <span class='ocrx_word' id='word_1_241' title='bbox 901 4493 939 4570; x_wconf 88' lang='lat' dir='ltr'>hi</span> <span class='ocrx_word' id='word_1_242' title='bbox 958 4494 1034 4590; x_wconf 86' lang='lat' dir='ltr'>jam</span> <span class='ocrx_word' id='word_1_243' title='bbox 1057 4494 1193 4576; x_wconf 85' lang='lat' dir='ltr'>ludices</span> <span class='ocrx_word' id='word_1_244' title='bbox 1214 4493 1273 4572; x_wconf 88' lang='lat' dir='ltr'>sua</span> <span class='ocrx_word' id='word_1_245' title='bbox 1295 4492 1438 4578; x_wconf 82' lang='lat' dir='ltr'>materia</span> <span class='ocrx_word' id='word_1_246' title='bbox 1462 4517 1527 4566; x_wconf 84' lang='lat' dir='ltr'>ex·</span> 
     </span>
    </p>
   </div>
   <div class='ocr_carea' id='block_1_3' title="bbox 0 0 1860 5492">
    <p class='ocr_par' dir='ltr' id='par_1_3' title="bbox 0 0 1860 5492">
     <span class='ocr_line' id='line_1_35' title="bbox 0 0 1860 5492; baseline 0 0"><span class='ocrx_word' id='word_1_247' title='bbox 0 0 1860 5492; x_wconf 95' lang='lat' dir='ltr'> </span> 
     </span>
    </p>
   </div>
  </div>
 </body>
</html>
