3642 5492
583 696 1048 775 PRAEFATIO.
1244 702 1331 775 lxvii

318 879 387 952 rerl.
413 906 514 968 1200,
541 881 587 953 de
620 880 742 955 Insulis
772 883 975 971 Beatorum,
1005 910 1050 957 ex
1077 887 1155 957 Vita
1184 888 1329 972 Sertorii,

320 1017 347 1088 p.
359 1020 415 1094 57¹
434 1010 469 1068 et
490 1022 575 1094 57²·
651 997 713 1071 Ad
730 996 811 1070 vers.
836 1025 943 1096 1324,
969 1000 1013 1073 de
1031 997 1158 1071 Thesei
1176 999 1329 1074 amicitia

321 1134 384 1183 curn
398 1112 600 1207 Lycomede
617 1112 653 1185 in
670 1115 776 1209 Scyro
793 1113 914 1202 insula,
932 1141 976 1188 ex
993 1103 1068 1208 l'firq
1079 1116 1200 1215 Thesei,
1216 1141 1253 1212 p.
1271 1120 1325 1190 16.

355 1225 693 1314 ssUsTnTfflus,
721 1229 816 1303 haud
837 1230 982 1303 minoris
1006 1229 1169 1317 scientia,
1193 1246 1227 1304 et
1253 1219 1330 1305 rec-¹

321 1338 394 1412 riotis
410 1341 537 1437 judicii
561 1345 684 1429 homo,
712 1344 891 1416 Plutarchi
917 1346 1012 1417 locos
1036 1345 1156 1442 paucis
1180 1344 1327 1443 quidem

321 1453 399 1549 ipfius
420 1455 546 1544 verbis,
575 1456 629 1531 led
653 1457 851 1555 frequenter
876 1478 1007 1545 tamen,
1034 1458 1202 1558 significat
1219 1458 1327 1533 itaut

321 1569 499 1652 desanitate
515 1590 579 1645 aut
600 1575 799 1669 corruptela
820 1576 972 1673 vulgatae
998 1572 1160 1647 editionis
1186 1574 1324 1670 conjec-

320 1700 378 1760 tura
403 1686 477 1760 fieri
512 1689 627 1783 poffit.
684 1687 827 1762 Saniora
862 1688 1118 1788 integrioraque
1150 1689 1324 1786 exempla,
1404 1743 1410 1748 -

321 1823 403 1894 quarn
415 1801 593 1898 hodieque
612 1800 705 1890 sunt,
721 1800 812 1876 forte
830 1803 979 1890 habuit3
1005 1802 1124 1890 libros,
1139 1829 1234 1877 nunc
1247 1827 1326 1899 per-

321 1911 401 2002 ditos,
418 1918 534 1991 nullos
550 1916 689 1990 habuit.
732 1922 896 2020 ὀμηρικοὲς
913 1924 1041 2014 μελέτας
1059 1917 1238 1993 Plutarchi
1254 1943 1328 1991 non

321 2047 492 2106 memorat:
520 2056 609 2129 quas
634 2035 657 2104 fi
683 2029 868 2118 hahuiffet,
894 2032 1070 2129 saepissime
1091 2030 1250 2129 profecto
1270 2057 1327 2104 eas

321 2139 441 2219 citellet.
490 2145 646 2220 Librum
673 2145 732 2220 De
753 2148 948 2221 Fluminibus
971 2166 1006 2221 et
1033 2149 1227 2235 Proverbia,
1251 2148 1327 2221 lau·

320 2255 369 2329 dat
393 2258 528 2334 nomine
555 2260 747 2335 Plutarchi.
801 2262 1003 2360 Sympofiacos
1028 2262 1148 2348 libros,
1174 2261 1328 2336 crebrius

319 2369 486 2473 ferequam
498 2376 596 2462 alios,
614 2379 658 2450 ad
674 2396 790 2474 partes
806 2397 923 2465 vocat,
941 2403 1134 2475 eorumque
1147 2377 1327 2478 aliquanto
1437 2364 1440 2368 ⁵

318 2491 438 2584 probius
460 2495 680 2589 exemplum,
709 2518 817 2590 quam
840 2495 983 2591 vulgata
1007 2489 1121 2567 nostra
1143 2493 1235 2600 sunt,
1263 2495 1325 2566 ha·

319 2605 405 2681 buiffe
428 2607 594 2682 videtur:
635 2607 745 2682 veluti
769 2607 818 2695 ix,
849 2634 886 2705 p.
913 2635 994 2709 733,
1023 2611 1068 2696 E,
1098 2608 1146 2683 ita
1172 2606 1257 2708 legit
1282 2626 1326 2683 ut

317 2721 559 2797 emendavimus
591 2749 636 2796 ex
670 2722 808 2821 optimo
842 2722 964 2797 codiee
998 2723 1170 2799 Palatino.
1231 2726 1325 2799 Haec

318 2833 486 2912 dictasunt
503 2839 549 2913 de
567 2835 830 2913 Commentario
848 2841 892 2912 ad
909 2839 1124 2914 Homerum.
1172 2842 1270 2912 Nam
1288 2838 1325 2912 in

318 2950 562 3027 Commentario
580 2954 626 3028 ad
639 2952 848 3050 Dionyfium
864 2953 1088 3053 Perlegetem‚
1107 2979 1178 3025 non
1194 2952 1254 3025 nifi
1272 2951 1325 3025 bis

317 3065 404 3140 exstat
424 3067 603 3143 Plutarchi
622 3068 777 3141 mentio:
805 3068 949 3142 advers.
967 3072 1051 3169 285,
1077 3070 1121 3141 de
1139 3066 1325 3143 Germanis

317 3205 347 3254 ex
366 3186 437 3257 Vua
454 3186 579 3271 Marii,
607 3211 642 3280 p.
660 3212 744 3277 411,
770 3186 823 3256 C:
851 3185 894 3255 ad
920 3182 1002 3257 vers.
1025 3210 1108 3283 775,
1135 3184 1178 3255 de
1196 3183 1325 3280 Sinope

317 3296 394 3383 urbe,
424 3323 471 3372 ex
500 3301 578 3370 Vita
609 3301 750 3385 Luculli,
780 3324 816 3395 p.
839 3325 923 3399 507,
953 3304 998 3373 A.
1050 3300 1118 3373 Sed
1148 3298 1323 3373 Eustathii

316 3409 491 3485 testimonia
523 3412 585 3486 suo
618 3414 785 3510 quodque
818 3414 896 3485 loco
925 3415 980 3486 vel
1010 3411 1046 3486 in
1080 3414 1321 3488 Annotatione

316 3522 596 3600 Emendationum
616 3526 691 3622 jam
715 3527 941 3600 adhibuimus
959 3528 1163 3616 Plutarcho,
1190 3531 1244 3602 vel
1259 3530 1321 3602 ad·

316 3636 494 3717 libebimus
512 3642 549 3715 in
567 3641 945 3717 Animadverfionibus.

349 3757 563 3831 lacertorum
589 3758 789 3831 Auitorum
816 3778 850 3831 et
868 3757 1017 3852 ¹incertae
1041 3756 1165 3854 scripta
1192 3754 1323 3833 inedita

314 3869 416 3959 etatis,
444 3872 514 3944 hoc
536 3890 655 3944 tamen
678 3870 796 3969 potius
820 3899 928 3970 quam
954 3869 1022 3946 alio
1047 3872 1083 3945 in
1107 3872 1230 3947 saeculo
1258 3900 1321 3973 po·

269 4017 270 4024 ¹
313 3985 407 4060 rende
422 3985 558 4060 censeo.
610 3988 782 4084 Arronymus
801 3988 841 4059 de
859 3988 1100 4061 Irur‘edibilibus·
1119 3989 1163 4061 ab
1189 3990 1322 4064 Allatio

309 4096 405 4174 editus
422 4099 459 4174 in
477 4099 661 4197 Excerptis
679 4102 829 4176 Rhetor.
856 4118 891 4177 et
917 4102 1085 4199 repetitus
1109 4129 1129 4176 a
1156 4106 1267 4178 Galeo
1285 4106 1324 4178 in

308 4210 476 4312 opusculis
496 4215 598 4314 Phys.
618 4232 653 4289 et
673 4217 829 4314 Mythol.
855 4232 961 4314 caput
988 4220 1154 4292 odarum
1172 4221 1216 4291 de
1234 4220 1318 4291 Chi-

303 4349 392 4403 maera
407 4357 451 4406 ex
468 4331 653 4405 Plutarchi
666 4331 755 4404 libro
768 4330 826 4404 De
840 4333 1017 4405 Virtutibus
1030 4334 1208 4408 Mulierum
1226 4333 1318 4407 sum'·

302 4456 370 4517 tum
384 4448 462 4532 else,
487 4445 559 4544 ipse
577 4441 774 4543 profitetur.
827 4447 971 4520 Colleclio
990 4448 1143 4522 Locorum
1167 4476 1205 4521 ex
1231 4452 1264 4524 S.
1286 4454 1317 4523 S.

300 4556 486 4633 Prterierat
503 4565 581 4634 aliis
599 4561 808 4656 Scriptoribus
830 4559 921 4635 inter
941 4586 1030 4659 quos
1051 4562 1158 4637 etiam
1183 4564 1319 4638 Plutar-

781 4699 838 4748 ee
