3642 5492
658 644 1122 731 PRAEFATIO.
1318 681 1414 734 cxxv

372 842 458 934 164.
508 838 766 914 Mrzrnrncr'
791 842 852 913 has
874 841 939 914 esse
958 839 1232 916 Emendationes
1250 840 1288 915 in
1305 842 1412 916 Cata·

369 955 454 1054 logo
476 952 569 1028 iilius
590 952 820 1030 Bibliothecae
846 955 1014 1054 scriptum
1040 957 1116 1031 est:
1145 981 1275 1031 nomen
1291 958 1357 1033 viri
1373 958 1412 1032 in

371 1066 446 1165 ipso
470 1069 565 1143 libro
593 1069 769 1168 nusquam
797 1071 1014 1168 adscriptum
1042 1073 1267 1169 deprehendi.
1322 1076 1412 1148 Vere

368 1198 490 1256 tamen
508 1185 757 1259 anrurnco
777 1212 832 1259 eas
851 1185 971 1273 tribui,
988 1189 1083 1261 haud
1101 1203 1230 1260 temere
1247 1187 1411 1287 colligere

372 1297 458 1371 mihi
480 1299 613 1387 videor,
640 1325 685 1373 ex
711 1299 862 1398 ipsarum
887 1301 1020 1375 ratione
1048 1316 1154 1400 atque
1170 1317 1407 1399 argumento:

375 1439 453 1488 narn
478 1432 514 1489 et
541 1415 714 1490 acuminis
738 1442 817 1490 earn
844 1417 975 1490 habent
1004 1416 1155 1491 formam
1173 1443 1253 1515 quae
1277 1416 1313 1488 in
1334 1416 1411 1490 aliis

378 1529 620 1604 Mrzrnrncr
655 1532 865 1627 conjesturis
894 1555 1052 1630 apparet,
1078 1549 1115 1606 et
1144 1532 1292 1607 subinde
1321 1532 1408 1606 rese·

383 1659 499 1718 runtur
535 1647 583 1718 ad
615 1648 711 1721 locos
743 1649 1021 1723 Mathematicos
1054 1664 1091 1724 et
1126 1646 1406 1747 Mythologicos.

387 1757 574 1834 Maximam
589 1760 846 1837 coneffionum
872 1781 1009 1861 partem
1034 1766 1079 1837 ab
1104 1762 1246 1863 ingenio
1267 1779 1303 1837 et
1321 1788 1407 1837 con·

387 1871 502 1967 jciiura
518 1875 691 1974 profestas
713 1876 921 1952 existimem.
973 1878 1036 1954 Est
1062 1894 1182 1954 tamen
1206 1878 1270 1952 ubi
1294 1878 1408 1951 librum

395 2007 509 2064 veterem
532 1993 709 2089 appellat:
738 1992 847 2067 veluti
871 2019 908 2092 p.
927 1998 1013 2088 466,
1040 1997 1080 2082 B,
1102 1995 1139 2067 in
1162 1993 1409 2091 supplemento

397 2099 448 2176 loci
471 2106 690 2195 Menandrei‚
716 2109 816 2204 quod
843 2106 1130 2205 supplementum
1153 2106 1241 2181 item
1263 2119 1409 2179 notatur
1429 2203 1433 2212 Ι
1504 2113 1509 2142 ¹

401 2214 649 2295 ucolleetionis
665 2221 888 2317 Jannotianae
904 2224 1072 2319 exemplo
1088 2225 1282 2296 Munnrr.
1319 2219 1409 2293 Aliis

403 2331 463 2407 locis
477 2335 615 2432 adjesiae
634 2337 712 2411 sunt
730 2336 836 2412 literae
853 2345 876 2412 l.
895 2365 933 2410 v.
961 2337 1093 2435 quibus
1107 2355 1231 2410 utrum
1247 2336 1330 2408 liber·
1346 2359 1406 2408 ve·

403 2464 438 2521 trs
454 2450 492 2525 tin
514 2455 595 2526 liber
612 2457 786 2528 Vaticanus
812 2454 1024 2553 significetur
1048 2452 1222 2527 incertum
1241 2450 1302 2525 est.
1353 2452 1424 2523 At·

404 2583 430 2656 P·
445 2589 514 2668 797,
532 2570 577 2655 C,
595 2593 659 2665 pro
676 2576 741 2665 μὶν,
760 2574 887 2671 ἐκράτεε,
906 2585 1008 2642 notat
1026 2569 1213 2642 lediionetn
1229 2569 1406 2669 Μενεκράτει

402 2678 494 2755 addito
510 2682 635 2758 diserte
651 2686 709 2757 lib.
732 2688 807 2758 Vat.
834 2710 914 2782 quae
931 2683 1018 2758 item
1041 2683 1146 2757 lectio
1171 2682 1207 2757 in
1224 2678 1407 2777 Jannotia-

404 2789 565 2872 nisexstat.
619 2799 746 2873 Libros
764 2799 909 2895 scriptos
925 2815 1057 2872 veteres
1073 2800 1235 2872 nondum
1252 2794 1409 2870 habuisse

404 2905 512 2988 ridetur
539 2916 822 2988 Mrzrnrncus
849 2914 908 2987 ilio
935 2931 1028 2989 certe
1054 2929 1211 3010 tempore
1227 2935 1302 3009 quo
1318 2912 1409 2984 hanc

402 3019 646 3122 disputationem
665 3027 700 3101 in
718 3029 899 3103 Sodalium
919 3045 1099 3103 conventu
1121 3028 1307 3127 legendam
1324 3051 1407 3100 con·

402 3134 511 3239 scripfit,
537 3160 579 3218 ut
599 3143 668 3241 ipse
691 3144 837 3241 quidem
855 3144 919 3217 sub
938 3147 1047 3219 finem
1063 3140 1310 3240 disputationis
1327 3166 1408 3240 pro·

401 3252 447 3329 dit.
491 3263 535 3334 In
553 3259 648 3333 libris
666 3258 884 3334 Plutarcheis
907 3260 1120 3358 quibusdam
1143 3260 1191 3334 nil
1208 3258 1409 3334 annotatio·

402 3369 620 3471 nisadjettum
638 3374 830 3472 reperitur:
859 3376 896 3448 hi
915 3375 1008 3463 sunt,
1036 3377 1094 3449 De
1111 3378 1206 3464 Fato,
1232 3377 1291 3450 De
1309 3378 1410 3449 Genio

403 3487 525 3577 unctis,
554 3493 613 3564 De
640 3493 736 3563 Vultu
758 3495 790 3563 in
813 3491 885 3565 orbe
911 3493 1026 3577 Lunae,
1054 3492 1113 3564 De
1129 3494 1251 3565 Animae
1268 3491 1410 3562 Genera·

376 3653 383 3674 .
402 3601 470 3690 tite,
486 3608 633 3705 Epitome
648 3607 805 3705 ejzffdem:
831 3605 858 3678 is
882 3606 941 3678 De
957 3607 1086 3699 Muſjca
1102 3631 1175 3678 non
1192 3606 1252 3678 nisi
1269 3603 1412 3676 unicam

402 3709 481 3794 bibet
505 3735 641 3794 notam.
695 3722 810 3819 Atqui
829 3719 865 3793 in
882 3723 978 3795 hunc
1003 3721 1133 3796 librum
1159 3724 1373 3794 Bunnrrus
1389 3720 1410 3762 *

428 3967 444 4003 '
460 3967 603 4028 Memoirm
617 3970 651 4028 de
663 3970 771 4028 l’Acad.
785 3973 832 4029 des
847 3970 1028 4049 Inscriptions
1039 3980 1067 4029 et
1077 3971 1165 4030 Belles
1176 3972 1292 4039 Lettres,
1304 3972 1342 4030 T.
1352 3973 1413 4037 viii,

402 4071 423 4128 s·
429 4076 467 4131 41,
481 4066 547 4123 dicit
565 4066 658 4125 seeum
674 4066 752 4125 fuisse
763 4070 1065 4127 communicatum-“
1079 4070 1104 4125 le
1115 4068 1228 4125 sameux
1242 4079 1270 4126 et
1283 4068 1412 4145 pricieux

404 4153 558 4221 “Manuscrit
571 4166 619 4222 dm
639 4166 729 4223 Notes
748 4167 782 4223 de
800 4167 971 4224 anrninc
991 4166 1036 4223 sur
1056 4166 1224 4244 Plutarque:
1247 4165 1414 4233 manuscrit,

406 4253 554 4320 “duntona
569 4275 631 4341 tant
651 4263 738 4342 parlr'e,
759 4275 788 4321 et
807 4265 857 4342 qui
877 4263 931 4322 fait
950 4263 1124 4340 aujourd'hui
1138 4265 1226 4340 partie
1238 4263 1277 4319 du
1291 4263 1413 4319 Cabinet

293 4415 294 4424 ,
406 4352 602 4420 “denteffieurs
623 4363 662 4419 1ae
682 4362 893 4420 AbbesSst-ru
915 4371 944 4419 et
964 4362 1112 4419 Sinum„
1146 4363 1265 4418 Comme
1279 4359 1419 4421 Cnnunn

293 4441 299 4472 '¹
406 4448 553 4517 '‘Girrmn
568 4462 697 4521 Bucunr
711 4480 753 4519 rur
767 4462 937 4520 anrnrnc
959 4459 1180 4518 non-seulement
1200 4457 1326 4516 excelloit
1343 4458 1411 4514 dam

293 4527 301 4614 t

408 4546 421 4572 ‘¹
430 4542 452 4600 1²
462 4549 614 4615 Litterature
629 4558 766 4635 Grecque,
782 4560 851 4616 mais
866 4561 991 4635 qu'outre
1005 4558 1062 4617 cela
1081 4558 1100 4616 il
1114 4557 1184 4616 etoit
1197 4577 1235 4614 un
1250 4556 1411 4614 Mathema-
