3642 5492
606 598 1069 718 PRAEriT1o
1216 577 1358 717 'nn

361 812 411 899 clii,
428 814 458 889 in
479 843 553 916 quo
570 817 711 895 infinita
727 819 777 895 est
793 821 962 897 doctrinae
976 840 1012 899 et
1029 823 1131 923 copia
1146 838 1181 899 et
1200 823 1356 902 varietas.

360 927 405 1002 Vel
422 957 481 1006 una
503 936 579 1007 haec
602 960 659 1008 me
678 937 846 1035 cogitatio
869 941 1022 1012 debebat
1045 941 1228 1014 absterrere
1252 941 1357 1016 asus-

354 1043 479 1142 cipienda
505 1050 579 1146 ejus
608 1050 774 1126 editione.
836 1058 1054 1129 Bncnerus
1081 1057 1356 1133 Muzrnrncus

346 1160 405 1256 post
423 1167 635 1240 Amorum
664 1168 799 1242 Gallice
821 1187 953 1243 vertere
976 1171 1207 1244 Plutarchum
1235 1197 1356 1271 eggre-

347 1276 432 1367 diens,
448 1281 592 1356 brevem
609 1280 895 1380 scriptiunculam
920 1283 1031 1358 edidit
1056 1287 1100 1360 de
1120 1283 1182 1360 suo
1200 1286 1356 1375 consilio,

344 1396 489 1470 Aurorr
517 1397 703 1486 erroribus,
733 1399 892 1473 doctrina
922 1398 1075 1498 denique
1104 1425 1145 1474 ea
1172 1425 1244 1499 qua
1271 1404 1355 1476 Plu·

335 1508 429 1586 .ttrchi
462 1508 692 1610 interpretem
722 1513 914 1610 praeditum
946 1516 1014 1588 effe
1043 1530 1215 1612 oportet:
1254 1516 1355 1611 cujus

337 1623 483 1700 dodrinae
500 1641 616 1722 partes
631 1623 810 1727 plerasque
828 1630 1014 1716 recensens,
1039 1654 1166 1726 purum
1183 1628 1221 1702 in
1236 1629 1278 1702 iis
1294 1658 1353 1706 va·

334 1737 414 1814 luisse
440 1754 477 1813 et
504 1740 708 1839 [requenter
728 1742 915 1818 caecutiiffe
944 1748 1163 1818 Antron-unt
1188 1744 1352 1821 ostendit.

332 1856 526 1932 Plutarchus
554 1873 596 1932 ut
624 1858 762 1934 infinita
790 1876 825 1935 et
849 1860 921 1934 sere
943 1859 1063 1935 divina
1085 1875 1157 1934 erat
1184 1861 1355 1938 dodrinae

329 1973 428 2072 cop'n,
453 1974 506 2050 ita
527 1974 566 2049 in
583 1975 716 2075 scriptis
734 1977 801 2052 suis
818 1980 913 2053 locos
931 1978 1093 2053 exomni
1113 1977 1354 2053 doctrinarum

327 2113 437 2187 genere
460 2095 681 2187 expromfit3
707 2095 803 2167 nullo
825 2092 893 2166 sere
925 2092 974 2165 est
1000 2091 1083 2165 vitae
1106 2093 1284 2179 humane,
1310 2108 1353 2168 ut

328 2221 401 2280 tunc
416 2221 505 2292 eret,
523 2231 603 2303 pars
624 2207 712 2306 quin
728 2208 772 2282 de
788 2234 829 2281 ea
845 2208 900 2280 vel
924 2205 1152 2304 disputaverit
1175 2208 1230 2281 vel
1252 2232 1352 2280 men·

327 2318 450 2396 tionem
463 2319 596 2397 fecerit.
648 2322 763 2421 Atqui
778 2348 901 2397 omnes
920 2320 957 2394 hi
975 2321 1057 2410 loci,
1083 2336 1125 2395 ut
1154 2321 1354 2421 legentibus

326 2434 464 2523 obscuri,
489 2438 535 2510 ab
552 2436 750 2535 interprete
764 2434 956 2514 illustrandi
974 2436 1064 2529 sunt.
1115 2433 1252 2536 Qridni
1269 2461 1352 2537 ergo

326 2550 393 2648 quis
413 2552 460 2625 ab
481 2577 527 2626 eo
552 2551 719 2649 postulet,
745 2569 787 2626 ut
811 2576 955 2626 omnem
976 2577 1048 2649 qua
1071 2551 1214 2625 Veteres
1231 2554 1351 2626 value-

327 2684 410 2755 runt,
427 2691 546 2742 rerum
564 2670 823 2766 verborumque
843 2667 1022 2742 scientiam
1039 2684 1157 2741 mente
1174 2670 1350 2765 complec-

327 2797 431 2856 utor:
459 2809 532 2867 non
550 2787 659 2858 modo
676 2799 718 2858 ut
736 2786 907 2858 Veterum
924 2781 1050 2879 scripta
1066 2798 1100 2856 et
1117 2798 1353 2858 monumenta

326 2896 449 2996 legerit,
471 2898 704 2996 cognoverit;
730 2900 787 2972 sed
811 2916 853 2972 ut
876 2924 998 2971 omnes
1014 2895 1222 2995 disciplinas,
1247 2913 1351 2989 artes,

327 3036 381 3100 res,
413 3013 453 3088 in
483 3013 581 3088 omni
608 3014 692 3089 vitae
721 3040 847 3115 genere
875 3014 973 3109 apud
998 3011 1073 3086 illos
1100 3011 1350 3110 frequentatas,

324 3141 462 3202 tenet:
509 3129 803 3217 Grammaticam,
838 3131 1027 3214 Musicam,
1062 3126 1348 3223 Gymnasticam:

328 3242 527 3332 Historiam,
550 3244 826 3343 Mythologiam,
853 3240 1131 3341 Geographiam,
1152 3242 1350 3318 Chronolo·

321 3353 422 3454 giam,
456 3351 649 3434 Critioam:
687 3358 920 3455 Philosophiae
947 3373 1075 3456 partes,
1105 3356 1350 3446 Dialecticam

323 3472 511 3569 Physicam,
538 3474 718 3561 Ethicam,
744 3474 780 3547 in
807 3472 917 3572 iisque
944 3474 1156 3572 singularum
1182 3470 1350 3552 seete-rum

327 3588 442 3682 placita
462 3598 505 3665 ac'
527 3587 769 3668 diffenfiones:
797 3604 878 3668 tum
898 3586 1168 3673 Mathematica,
1195 3590 1352 3662 Geome-

321 3701 431 3792 ,niem
457 3703 746 3792 Arithmeticam,
771 3703 1046 3790 Astronomiam,
1064 3700 1347 3776 Harmonicamr

326 3841 419 3913 porro
445 3834 550 3907 atter,
579 3817 707 3906 civiles,
736 3819 916 3905 militares,
946 3817 1113 3902 liberales,
1142 3815 1346 3890 illiberales:

319 3930 468 4032 ‚dtuiqw
483 3936 697 4034 singulorum
713 3933 898 4010 nationum
923 3948 959 4008 et
981 3931 1169 4005 civitatum
1186 3933 1276 4028 leges
1293 3947 1349 4004 at-

325 4071 387 4145 que
402 4047 575 4135 instituta,
601 4073 818 4147 omnemque
843 4048 880 4122 in
903 4048 979 4122 vita
1001 4072 1085 4120 cum
1110 4045 1349 4142 publicatum

322 4161 507 4244 domeffior
523 4189 666 4242 morum
681 4178 717 4240 et
734 4160 1032 4241 consuetudinum
1048 4160 1264 4235 varietatem.

366 4283 417 4354 At
441 4277 535 4378 quic·
555 4263 625 4379 'qui
647 4295 786 4360 tantam
807 4294 881 4353 tam
904 4271 1215 4352 innumerabilium
1231 4297 1349 4346 rerum

323 4389 495 4474 scientim
512 4397 567 4471 .ab
587 4393 776 4495 interprete
801 4392 970 4492 postulet,
993 4416 1065 4466 non
1089 4388 1206 4472 rideat
1231 4385 1263 4458 se
1279 4385 1348 4459 ati-

324 4510 406 4611 qtrid
420 4512 598 4611 postulare
613 4515 713 4614 quod
728 4513 765 4591 in
781 4538 817 4587 re
831 4526 868 4587 et
882 4525 1008 4586 natura
1022 4533 1095 4620 non
1119 4510 1160 4590 stt
1179 4506 1347 4604 postum·

372 4651 464 4703 ror..
484 4652 514 4711 r.
828 4628 854 4698 b
1077 4659 1079 4663 ⁴
