3642 5492
656 603 1121 681 PRAEFATIO.
1329 609 1414 686 xciii

375 782 468 862 aliter
489 786 660 877 scribunt,
685 789 834 877 mentio,
861 809 946 865 cum
966 795 1089 867 eadem
1107 790 1285 890 scriptura
1302 794 1411 872 varie·

380 918 457 988 tate,
495 902 609 978 exstat
650 903 687 977 in
728 905 864 980 mutuis
905 909 1084 982 Munan
1130 923 1166 986 et
1210 910 1407 990 Linum

377 1016 549 1114 Epistolis,
576 1044 613 1117 p.
633 1046 699 1118 391
723 1036 759 1094 et
778 1047 863 1122 397,
881 1021 966 1097 edit.
987 1024 1037 1097 D.
1058 1025 1207 1098 Ruhnk.
1227 1039 1255 1097 t.
1271 1023 1296 1097 i.
1316 1027 1412 1100 unde

372 1148 516 1229 apparet
533 1160 617 1207 eum
634 1160 865 1210 communem
881 1137 1064 1236 utriusque
1079 1137 1179 1213 fuiffe
1196 1138 1353 1241 amicum
1376 1156 1411 1214 et
1499 1171 1502 1175 ·

369 1274 430 1345 per
454 1248 603 1348 aliquod
632 1264 774 1348 tempus
800 1251 837 1325 in
868 1252 986 1327 Gallia
1010 1253 1150 1351 degilse.
1204 1255 1410 1330 Munnrue

372 1382 495 1438 tamen
512 1366 699 1464 nusquam,
717 1370 816 1465 quod
835 1370 980 1468 quidem
999 1368 1116 1457 sciam,
1136 1367 1325 1466 inscriptis
1345 1368 1411 1445 suis

369 1480 489 1569 editis,
514 1482 606 1556 hanc
623 1484 667 1555 ab
686 1485 906 1578 Jnuuorro
926 1484 988 1560 fibi
1009 1487 1132 1559 datam
1155 1485 1411 1575 Colledlionem

369 1611 545 1670 memorat
560 1629 573 1684 3
599 1597 761 1695 quamvis
776 1600 857 1673 loco
874 1598 960 1697 ipso,
984 1614 1026 1674 ut
1044 1600 1197 1687 videtur,
1213 1599 1410 1698 postulante

369 1717 424 1787 vel
440 1731 536 1789 certe
554 1714 738 1790 invitante.
792 1715 913 1791 Veluti
935 1718 973 1791 in
996 1715 1142 1792 Scholiis
1163 1717 1209 1791 ad
1230 1719 1410 1805 Senecam,

369 1833 440 1928 Ep.
473 1858 557 1925 114,
582 1833 682 1929 quod
705 1831 875 1907 ultimum
901 1833 934 1906 ei
959 1859 1108 1931 operum
1131 1831 1214 1918 fuit,
1242 1831 1410 1930 scriptun

369 1947 479 2044 paulo
496 1962 578 2020 ante
593 1947 749 2035 obitum,
768 1974 842 2046 quo
858 1963 1016 2046 tempore
1027 1948 1168 2023 dudum
1178 1947 1254 2043 jam
1267 1946 1306 2020 in
1317 1946 1410 2038 librie

370 2062 437 2137 luis
468 2063 624 2137 habebat
658 2062 764 2137 illam·
780 2063 1048 2150 Colledlionem,
1083 2065 1204 2137 locum
1231 2058 1412 2139 Plutarchi

377 2182 508 2281 Sympos.
545 2179 659 2272 Quaest.
683 2178 757 2266 viis,
786 2207 819 2277 9.
844 2205 881 2276 p.
909 2205 928 2281 7
934 2206 992 2278 33.
1018 2180 1081 2253 fin.
1109 2193 1223 2253 tentat
1245 2203 1308 2276 per
1326 2203 1409 2254 con·

375 2293 542 2389 jeduram
562 2322 653 2393 quae·
667 2296 704 2369 in
721 2296 937 2392 Jannotiana
954 2296 1161 2372 colletlione
1174 2321 1249 2378 non
1271 2296 1408 2384 exstat:

372 2413 561 2513 legendum
576 2432 694 2502 autem,
720 2412 851 2511 inquit,
877 2414 972 2516 ὥσπερ
995 2416 1126 2516 ἐλαφρῶν
1149 2416 1302 2487 lemnii:
1331 2411 1410 2487 Haec
1497 2437 1503 2450 ·
1543 2407 1546 2411 ’

376 2546 408 2602 ct
421 2532 556 2628 qusdem
565 2533 690 2630 generis
705 2535 771 2603 alia
792 2533 930 2626 plurima
942 2532 1017 2629 jam
1037 2530 1162 2626 pridem
1186 2531 1219 2602 in
1241 2526 1411 2616 Plutarcho
1535 2587 1538 2592 .

377 2650 547 2721 emendavi
556 2677 569 2719 .·
595 2675 675 2747 quae,
687 2650 725 2741 st
738 2647 832 2747 Deus
847 2654 947 2738 volet,
957 2650 1016 2747 suo
1032 2666 1167 2746 tempore
1184 2649 1326 2723 edentur.
1366 2646 1410 2720 ln

377 2762 519 2859 epistola
534 2764 581 2837 ad
598 2763 800 2861 Christoph.
817 2764 1034 2852 Plantinum,
1052 2762 1114 2838 lib.
1131 2763 1181 2852 iii,
1198 2762 1262 2839 t.-i.
1280 2788 1317 2860 p.
1327 2762 1412 2860 636,

379 2876 518 2953 scribit:
547 2881 660 2953 Habeo
685 2900 717 2953 et
739 2900 827 2954 notas
849 2885 883 2953 in
909 2880 1120 2978 Thucydidem
1146 2897 1177 2954 et
1203 2878 1411 2953 Plutarchum

371 2992 442 3091 sane
457 3001 602 3069 multas:
629 3021 704 3095 quas
719 2997 769 3069 ad
792 2995 836 3071 Te
851 3000 988 3084 mittam,
1003 2998 1041 3089 st
1058 3000 1143 3070 tanti
1162 3021 1232 3099 mea
1248 2998 1302 3092 effe
1313 3011 1411 3090 puta·

379 3118 469 3185 veris.
514 3112 693 3185 Muniam
718 3111 927 3205 conjedturae
950 3137 1023 3185 non
1044 3109 1106 3184 nisi
1122 3136 1245 3208 paucae
1262 3109 1342 3183 sunt
1357 3107 1411 3183 in·

380 3238 428 3298 ter
457 3225 626 3299 lediones
657 3227 884 3301 Colledlionis
907 3226 1145 3323 Jannotianae,
1171 3252 1236 3301 nec
1261 3225 1328 3300 illae
1349 3226 1412 3300 ad·

371 3344 526 3417 ,nodum
544 3344 758 3431 luculenta,
784 3357 826 3416 ut
849 3341 1015 3417 credibile
1038 3346 1092 3431 srt,
1118 3340 1290 3417 audiores
1314 3343 1413 3416 locu·

379 3454 608 3555 pletioresque
626 3472 740 3543 notas,
767 3483 921 3555 quarum
938 3456 1130 3533 editionem
1148 3456 1343 3557 cogitabat,
1358 3457 1415 3529 vel

379 3570 493 3646 adhuc
510 3572 618 3644 latere
641 3570 761 3668 aliquo
787 3570 823 3645 in
847 3576 978 3671 angulo
1001 3572 1092 3648 illius
1109 3573 1335 3650 Bibliothecae
1352 3572 1414 3666 Je·
1439 3593 1444 3604 ·

379 3681 560 3772 suitarum,
596 3688 652 3759 vel
679 3686 755 3782 jam
790 3686 1010 3765 intercidiffe.
1068 3691 1273 3763 Munianus
1308 3702 1415 3778 certe,

378 3803 476 3898 quod
494 3828 539 3876 ex
557 3800 659 3875 editis
673 3801 747 3898 ejus
763 3802 896 3901 scriptis
912 3821 1070 3902 apparet,
1089 3804 1320 3892 Plutarchum
1336 3801 1414 3877 dili·

375 3931 498 4015 genter
520 3916 750 4004 ledlitaverat,
777 3933 813 3992 et
839 3919 974 3994 sensum
1000 3918 1194 3994 etiam'fibi
1215 3918 1413 3994 conforma·

375 4047 472 4106 verat
490 4034 537 4106 ad
555 4032 824 4133 intelligentiam
839 4034 982 4109 rationis
998 4050 1033 4109 et
1050 4033 1413 4132 consuetudinisPlu7

375 4151 540 4236 tarcheae,
558 4165 600 4223 ut
619 4148 724 4222 libros
741 4150 927 4248 quosdam,
944 4150 1006 4249 qui
1020 4151 1064 4223 ab
1079 4148 1313 4226 eruditiffimis
1325 4148 1414 4222 adeo

375 4263 584 4341 hominibus
600 4265 759 4365 germani
775 4268 1007 4351 habebantur,
1026 4265 1156 4363 spurios
1171 4266 1237 4340 etse
1254 4261 1414 4338 aninud·

374 4397 541 4470 verteret,
572 4382 684 4456 veluti
717 4383 785 4455 De.
801 4384 1010 4468 Educationn
1041 4380 1327 4481 Apophthegmrta,
1354 4380 1413 4451 De

378 4502 519 4579 Plocitis
543 4502 805 4608 Philosophorum.
857 4497 1007 4608 Habuit·
1024 4496 1183 4604 profedo
1208 4496 1431 4624 Munarut·

1353 4783 1358 4790 “
1453 4787 1495 4859 ..Ι
