3642 5492
652 649 1121 762 PRAEFATIQ
1199 665 1203 674 ’
1339 685 1399 766 tn

367 857 481 950 loturo
503 864 684 940 Moralium
706 891 727 939 a
753 869 971 943 Stornnno
994 867 1105 943 fallis.
1158 870 1303 944 Harum
1325 896 1405 948 otn-

371 979 465 1053 nium
500 978 814 1077 Stephanianarum
846 981 1078 1081 'scriptionum
1104 984 1201 1058 series
1234 1000 1270 1059 et
1298 1013 1403 1087 argu·
1452 1057 1454 1068 ,

370 1114 488 1169 menta
504 1096 580 1170 haec
603 1094 707 1170 sunt:
736 1099 906 1171 Plutarchi
930 1102 971 1171 de
998 1102 1125 1172 Virtute
1144 1117 1176 1173 et
1199 1104 1282 1172 Vitio
1297 1104 1403 1177 liber.-

369 1211 425 1283 De
451 1205 604 1284 Carnium
627 1213 709 1312 Est,
734 1213 795 1285 duo
816 1215 920 1286 libri:
947 1213 988 1287 Irt
1014 1215 1129 1310 eosdem
1151 1217 1401 1291 Artuototiones:

366 1325 473 1399 Liber
488 1327 531 1401 de
545 1329 725 1401 Amicorum
742 1330 984 1402 Multitudine:
1011 1331 1052 1403 Iu
1069 1331 1198 1403 euttdem
1216 1333 1403 1404 Atotototio·
1474 1331 1477 1342 '

369 1466 429 1515 rtet.
483 1441 594 1514 Porro
615 1444 837 1516 Aunototiones
858 1447 890 1516 in
906 1439 1021 1518 librum
1047 1445 1088 1517 de
1112 1446 1238 1517 Virtute
1255 1463 1287 1517 et
1304 1449 1402 1533 Vitio,

369 1561 399 1630 iu
419 1557 697 1657 Apophtlregmoto
722 1560 945 1645 Lacaertorum,
970 1563 1003 1633 in
1026 1561 1142 1632 librum
1160 1563 1214 1658 qui
1227 1561 1404 1659 inscribimur

333 1673 351 1680 ’
373 1673 526 1746 Wrtutem
552 1676 657 1747 doceri
675 1676 766 1771 poffe,
793 1679 826 1747 iu
849 1673 965 1746 librum
991 1675 1050 1746 De
1076 1674 1210 1747 invidia
1235 1691 1268 1746 et
1292 1676 1401 1748 Odio:

371 1785 569 1884 deniqueiu
590 1788 774 1881 Quaestionet
788 1790 1006 1885 Sympofiocos.
1056 1784 1223 1860 Proxima
1238 1785 1289 1859 est
1306 1788 1401 1862 sm-

375 1923 502 1975 »ΒΑΜ
525 1901 723 1975 admonitio
740 1904 785 1976 de
801 1905 867 1976 hac
882 1900 1036 1976 editione
1049 1915 1085 1975 et
1098 1900 1404 1976 emendationibus

373 2011 446 2089 suis.
499 2016 698 2090 Adduntur
718 2015 895 2113 postremo
914 2018 994 2090 loco
1010 2015 1151 2112 sparsim
1177 2014 1401 2089 miseellaneae

374 2153 489 2225 paucae
512 2129 822 2205 animadversiones
846 2133 892 2204 de
913 2130 1000 2217 vita,
1018 2132 1135 2218 rebus,
1153 2128 1299 2227 scriptio
1316 2130 1401 2202 Plu·

378 2243 505 2334 tarchi3
533 2260 569 2320 et
597 2246 709 2320 Index
731 2245 787 2318 ille
814 2247 1105 2320 Plutarcheorum
1127 2231 1311 2338 librorum
1337 2243 1401 2342 qui

380 2357 485 2456 postea
501 2359 568 2434 sub
588 2360 764 2458 Lampriae
781 2361 925 2435 nomine
950 2360 1119 2459 repetitus
1134 2359 1186 2435 est
1202 2358 1240 2433 in
1257 2363 1402 2435 Graeoo·

378 2474 504 2551 latinis
541 2474 767 2550 Editionibus
800 2502 845 2549 ex
884 2478 1196 2550 HOEscnnmAno
1238 2476 1403 2572 exemplo

379 2592 536 2667 metiore.
589 2593 657 2665 Sed
674 2574 954 2667 admonitionem
970 2591 1066 2664 illam
1083 2592 1151 2665 hoc
1175 2591 1267 2666 loco·
1279 2589 1402 2664 referre

377 2717 481 2805 'operae
503 2705 658 2805 pretium
683 2706 759 2779 est:
787 2709 868 2779 Haec
880 2708 971 2806 stent,
995 2708 1124 2792 Lellor,
1147 2733 1215 2806 que
1236 2711 1269 2779 in
1284 2710 1401 2806 aliquot

370 2823 542 2898 'Plutarchi
557 2824 697 2922 opusculo
711 2826 745 2895 io
763 2824 918 2895 Latinam
933 2809 1078 2921 linguam·
1088 2849 1110 2894 o
1125 2848 1174 2894 me
1187 2825 1292 2921 verso,
1311 2825 1403 2920 pori·
1472 2826 1475 2832 ’

385 2955 476 3037 terque
490 2942 525 3011 iu
543 2937 735 3038 Sympostoco
752 2923 974 3022 Pioblemotof
986 2952 1135 3008 annotare
1150 2938 1252 3035 visum
1267 2938 1319 3028 est.
1365 2937 1405 3011 Iu

388 3057 491 3152 reliquo
515 3052 600 3123 nibil
620 3077 699 3122 nuuc
724 3054 886 3136 auuotooi,
916 3076 974 3122 nou
998 3050 1082 3149 quod
1103 3053 1137 3122 in
1154 3075 1192 3122 ee
1216 3067 1273 3122 out
1287 3053 1405 3150 saltem

312 3182 315 3189 '
389 3188 476 3257 torum
483 3171 635 3264 pleraque
650 3170 752 3237 nullos
767 3191 806 3236 ex
821 3166 982 3237 veteribus
998 3167 1088 3237 libris
1104 3170 1162 3238 vel
1176 3191 1213 3238 eu
1230 3168 1406 3263 cottj'eilura

391 3283 600 3355 meulotiones
613 3283 772 3367 hebetem,
798 3299 918 3378 praeter
934 3265 987 3356 iot
1005 3307 1072 3380 que
1096 3282 1165 3378 ipfi,
1190 3297 1228 3353 ut
1244 3286 1342 3381 vulgo
1356 3285 1404 3355 lo·

397 3416 517 3490 turtur,
535 3404 692 3471 contextui
707 3399 859 3470 adhibite
865 3400 1016 3495 fuerunt,
1032 3398 1097 3497 sed
1119 3399 1202 3498 quod
1215 3403 1310 3471 multo
1330 3403 1404 3494 plu·

398 3509 456 3582 tium
469 3530 501 3585 et
516 3517 674 3618 meliorum
690 3515 763 3610 spes
785 3515 862 3587 mihi
869 3516 971 3610 folla
995 3518 1087 3611 effet:
1114 3541 1181 3613 que
1193 3516 1230 3606 ſs
1243 3540 1302 3587 uon
1316 3539 1406 3587 vona

395 3623 483 3714 loni,
509 3656 568 3701 nou
593 3633 692 3701 minus
720 3633 792 3700 illos
820 3655 909 3730 quom
938 3630 1010 3721 tylos
1034 3646 1133 3702 tecum
1155 3627 1407 3702 communicabo:

396 3739 517 3843 fitthm
532 3761 565 3817 et
581 3749 713 3817 oliorum
730 3747 930 3844 quorumdam
947 3749 1151 3843 opusculorum
1176 3746 1405 3839 iuterpretotio-

405 3875 440 3923 ut
458 3862 494 3931 iit
517 3886 593 3959 quos
616 3853 702 3933 nuno
719 3862 788 3946 edo,
802 3861 947 3959 fortoffls
970 3866 1064 3932 etiam
1080 3861 1204 3958 aliquid
1215 3858 1408 3932 lucubratio-

406 3976 616 4047 monhore
640 3976 825 4075 scriptorem
854 3977 1036 4073 ods'ungom.
1091 3974 1220 4046 Interim
1249 3990 1352 4046 autem
1373 3975 1410 4067 st

406 4105 478 4162 neom
500 4096 661 4167 editionem
686 4119 753 4165 cum
772 4092 981 4193 superioribus
1004 4091 1157 4187 conferas,
1183 4106 1237 4162 tuo
1260 4090 1408 4183 defiderio

407 4217 492 4298 Mgto
509 4234 547 4282 eu
567 4227 664 4305 porte
676 4210 752 4305 jam
769 4235 847 4281 rtttuc
853 4210 1056 4307 sotisfollum
1073 4207 1138 4303 esti,
1154 4210 1189 4279 ui
1224 4231 1272 4277 me
1288 4210 1407 4279 animus

401 4309 482 4408 still,
500 4325 640 4398 ditiones
662 4349 705 4397 et.
760 4325 852 4398 Haec
875 4323 956 4396 satis
981 4324 1150 4419 produnt,
1178 4335 1292 4394 totam
1315 4321 1406 4395 hanc

409 4420 581 4513 fflitionem
594 4437 701 4512 subiti
713 4464 754 4512 ac
768 4436 990 4512 tumultuarii
1003 4434 1103 4509 fuitse
1115 4432 1258 4509 consilii.
1279 4438 1407 4534 Qtum

410 4557 442 4612 ‘¹
454 4552 620 4653 octoginta
636 4551 706 4642 fere
722 4552 844 4627 libellis
861 4551 1008 4627 nonnisi
1022 4550 1180 4650 quinque
1193 4550 1258 4624 fint
1276 4550 1406 4648 quibus
