<?xml version="1.0" encoding="UTF-8"?>
<!DOCTYPE html PUBLIC "-//W3C//DTD XHTML 1.0 Transitional//EN"
    "http://www.w3.org/TR/xhtml1/DTD/xhtml1-transitional.dtd">
<html xmlns="http://www.w3.org/1999/xhtml" xml:lang="en" lang="en">
 <head>
  <title>
</title>
<meta http-equiv="Content-Type" content="text/html;charset=utf-8" />
  <meta name='ocr-system' content='tesseract 3.04.00' />
  <meta name='ocr-capabilities' content='ocr_page ocr_carea ocr_par ocr_line ocrx_word'/>
</head>
<body>
  <div class='ocr_page' id='page_1' title='image "./plutarchichaero10plutgoog_0069.png"; bbox 0 0 3642 5492; ppageno 0'>
   <div class='ocr_carea' id='block_1_1' title="bbox 564 599 1351 724">
    <p class='ocr_par' dir='ltr' id='par_1_1' title="bbox 564 599 1351 724">
     <span class='ocr_line' id='line_1_1' title="bbox 564 599 1351 724; baseline 0.013 -10"><span class='ocrx_word' id='word_1_1' title='bbox 564 599 1064 722; x_wconf 66' lang='lat' dir='ltr'>&#39;remunero</span> <span class='ocrx_word' id='word_1_2' title='bbox 1287 648 1351 724; x_wconf 69' lang='lat' dir='ltr'>nv</span> 
     </span>
    </p>
   </div>
   <div class='ocr_carea' id='block_1_2' title="bbox 672 925 1037 980">
    <p class='ocr_par' dir='ltr' id='par_1_2' title="bbox 672 925 1037 980">
     <span class='ocr_line' id='line_1_2' title="bbox 672 925 1037 980; baseline 0.008 -3"><span class='ocrx_word' id='word_1_3' title='bbox 672 925 1037 980; x_wconf 80' lang='lat' dir='ltr'>SAECUL.X11.·</span> 
     </span>
    </p>
   </div>
   <div class='ocr_carea' id='block_1_3' title="bbox 324 1058 1396 2994">
    <p class='ocr_par' dir='ltr' id='par_1_3' title="bbox 336 1058 1396 1716">
     <span class='ocr_line' id='line_1_3' title="bbox 375 1058 1347 1142; baseline 0.007 -10"><span class='ocrx_word' id='word_1_4' title='bbox 375 1058 700 1136; x_wconf 82' lang='lat' dir='ltr'><strong>EUSTRATIUS</strong></span> <span class='ocrx_word' id='word_1_5' title='bbox 725 1059 762 1134; x_wconf 88' lang='lat' dir='ltr'>in</span> <span class='ocrx_word' id='word_1_6' title='bbox 789 1062 1055 1142; x_wconf 70' lang='lat' dir='ltr'>Commentario</span> <span class='ocrx_word' id='word_1_7' title='bbox 1079 1066 1126 1139; x_wconf 86' lang='lat' dir='ltr'>ad</span> <span class='ocrx_word' id='word_1_8' title='bbox 1152 1064 1347 1140; x_wconf 79' lang='lat' dir='ltr'>Aristotelis</span> 
     </span>
     <span class='ocr_line' id='line_1_4' title="bbox 338 1170 1396 1274; baseline 0.009 -27"><span class='ocrx_word' id='word_1_9' title='bbox 338 1172 443 1247; x_wconf 85' lang='lat' dir='ltr'>Ethica</span> <span class='ocrx_word' id='word_1_10' title='bbox 468 1170 681 1253; x_wconf 81' lang='lat' dir='ltr'>Nicomach.</span> <span class='ocrx_word' id='word_1_11' title='bbox 709 1174 769 1248; x_wconf 89' lang='lat' dir='ltr'>vid</span> <span class='ocrx_word' id='word_1_12' title='bbox 798 1177 968 1253; x_wconf 74' lang='lat' dir='ltr'>Fannrc.</span> <span class='ocrx_word' id='word_1_13' title='bbox 997 1177 1087 1253; x_wconf 86' lang='lat' dir='ltr'>Bibl.</span> <span class='ocrx_word' id='word_1_14' title='bbox 1122 1184 1185 1256; x_wconf 91' lang='lat' dir='ltr'>Gr.</span> <span class='ocrx_word' id='word_1_15' title='bbox 1218 1182 1288 1256; x_wconf 80' lang='lat' dir='ltr'>vol.</span> <span class='ocrx_word' id='word_1_16' title='bbox 1308 1183 1345 1271; x_wconf 91' lang='lat' dir='ltr'>ii,</span> <span class='ocrx_word' id='word_1_17' title='bbox 1393 1270 1396 1274; x_wconf 33' lang='grc'>,</span> 
     </span>
     <span class='ocr_line' id='line_1_5' title="bbox 338 1290 1378 1386; baseline 0.01 -24"><span class='ocrx_word' id='word_1_18' title='bbox 338 1313 364 1383; x_wconf 73' lang='grc' dir='ltr'>μ</span> <span class='ocrx_word' id='word_1_19' title='bbox 381 1313 455 1386; x_wconf 83' lang='lat'>151.</span> <span class='ocrx_word' id='word_1_20' title='bbox 508 1290 611 1364; x_wconf 83' lang='lat' dir='ltr'><strong>Huic</strong></span> <span class='ocrx_word' id='word_1_21' title='bbox 636 1292 806 1368; x_wconf 81' lang='lat' dir='ltr'>dehemus</span> <span class='ocrx_word' id='word_1_22' title='bbox 822 1295 1106 1370; x_wconf 84' lang='lat' dir='ltr'>emendationem</span> <span class='ocrx_word' id='word_1_23' title='bbox 1123 1296 1191 1370; x_wconf 88' lang='lat' dir='ltr'>loci</span> <span class='ocrx_word' id='word_1_24' title='bbox 1208 1299 1346 1372; x_wconf 84' lang='lat' dir='ltr'>Plutar·</span> <span class='ocrx_word' id='word_1_25' title='bbox 1375 1337 1378 1342; x_wconf 95' lang='lat'>·</span> 
     </span>
     <span class='ocr_line' id='line_1_6' title="bbox 337 1401 1346 1506; baseline 0.006 -28"><span class='ocrx_word' id='word_1_26' title='bbox 337 1403 395 1478; x_wconf 79' lang='lat' dir='ltr'>clei</span> <span class='ocrx_word' id='word_1_27' title='bbox 408 1401 511 1478; x_wconf 87' lang='lat' dir='ltr'>initio</span> <span class='ocrx_word' id='word_1_28' title='bbox 528 1404 609 1478; x_wconf 86' lang='lat' dir='ltr'>libri</span> <span class='ocrx_word' id='word_1_29' title='bbox 627 1406 685 1482; x_wconf 88' lang='lat' dir='ltr'>De</span> <span class='ocrx_word' id='word_1_30' title='bbox 703 1407 786 1499; x_wconf 80' lang='lat' dir='ltr'>Ifide</span> <span class='ocrx_word' id='word_1_31' title='bbox 803 1426 833 1479; x_wconf 85' lang='lat' dir='ltr'>et</span> <span class='ocrx_word' id='word_1_32' title='bbox 854 1410 990 1501; x_wconf 77' lang='lat' dir='ltr'>ostride,</span> <span class='ocrx_word' id='word_1_33' title='bbox 1016 1434 1126 1506; x_wconf 91' lang='lat' dir='ltr'>quem</span> <span class='ocrx_word' id='word_1_34' title='bbox 1149 1412 1270 1485; x_wconf 90' lang='lat' dir='ltr'>locum</span> <span class='ocrx_word' id='word_1_35' title='bbox 1293 1409 1346 1484; x_wconf 90' lang='lat' dir='ltr'>in·</span> 
     </span>
     <span class='ocr_line' id='line_1_7' title="bbox 336 1517 1347 1616; baseline 0.011 -25"><span class='ocrx_word' id='word_1_36' title='bbox 336 1517 500 1616; x_wconf 82' lang='lat' dir='ltr'>tegriorem</span> <span class='ocrx_word' id='word_1_37' title='bbox 517 1545 628 1615; x_wconf 87' lang='lat' dir='ltr'>quam</span> <span class='ocrx_word' id='word_1_38' title='bbox 643 1521 760 1602; x_wconf 81' lang='lat' dir='ltr'>adhuc</span> <span class='ocrx_word' id='word_1_39' title='bbox 777 1520 814 1594; x_wconf 92' lang='lat' dir='ltr'>in</span> <span class='ocrx_word' id='word_1_40' title='bbox 838 1522 934 1596; x_wconf 88' lang='lat' dir='ltr'>libris</span> <span class='ocrx_word' id='word_1_41' title='bbox 951 1522 1072 1598; x_wconf 91' lang='lat' dir='ltr'>nostris</span> <span class='ocrx_word' id='word_1_42' title='bbox 1089 1539 1174 1611; x_wconf 88' lang='lat' dir='ltr'>erat,</span> <span class='ocrx_word' id='word_1_43' title='bbox 1200 1523 1347 1602; x_wconf 65' lang='lat' dir='ltr'>serravit</span> 
     </span>
     <span class='ocr_line' id='line_1_8' title="bbox 338 1628 1247 1716; baseline 0.004 -9"><span class='ocrx_word' id='word_1_44' title='bbox 338 1633 736 1715; x_wconf 73' lang='lat' dir='ltr'>lustratiusadAtistot.</span> <span class='ocrx_word' id='word_1_45' title='bbox 756 1635 872 1716; x_wconf 87' lang='lat' dir='ltr'>Ethic.</span> <span class='ocrx_word' id='word_1_46' title='bbox 892 1636 954 1711; x_wconf 93' lang='lat' dir='ltr'>lib.</span> <span class='ocrx_word' id='word_1_47' title='bbox 970 1637 1016 1714; x_wconf 86' lang='lat' dir='ltr'>vi.</span> <span class='ocrx_word' id='word_1_48' title='bbox 1245 1628 1247 1631; x_wconf 35' lang='lat'>⁵</span> 
     </span>
    </p>

    <p class='ocr_par' dir='ltr' id='par_1_4' title="bbox 334 1744 1347 2312">
     <span class='ocr_line' id='line_1_9' title="bbox 370 1744 1347 1852; baseline 0.006 -30"><span class='ocrx_word' id='word_1_49' title='bbox 370 1748 705 1826; x_wconf 85' lang='lat' dir='ltr'>NICEPHORUS</span> <span class='ocrx_word' id='word_1_50' title='bbox 730 1750 978 1827; x_wconf 83' lang='lat' dir='ltr'>BASILACA</span> <span class='ocrx_word' id='word_1_51' title='bbox 1003 1744 1040 1826; x_wconf 91' lang='lat' dir='ltr'>in</span> <span class='ocrx_word' id='word_1_52' title='bbox 1064 1756 1236 1852; x_wconf 79' lang='lat' dir='ltr'>Excerptr’s-</span> <span class='ocrx_word' id='word_1_53' title='bbox 1256 1754 1347 1828; x_wconf 84' lang='lat' dir='ltr'>Rhe·</span> 
     </span>
     <span class='ocr_line' id='line_1_10' title="bbox 335 1864 1345 1970; baseline 0.008 -36"><span class='ocrx_word' id='word_1_54' title='bbox 335 1883 412 1938; x_wconf 79' lang='lat' dir='ltr'>rm</span> <span class='ocrx_word' id='word_1_55' title='bbox 437 1882 470 1937; x_wconf 83' lang='lat' dir='ltr'>er</span> <span class='ocrx_word' id='word_1_56' title='bbox 500 1864 710 1970; x_wconf 65' lang='lat' dir='ltr'>Sophestavrrm</span> <span class='ocrx_word' id='word_1_57' title='bbox 740 1866 858 1940; x_wconf 79' lang='lat' dir='ltr'>Leonis</span> <span class='ocrx_word' id='word_1_58' title='bbox 884 1869 1013 1953; x_wconf 78' lang='lat' dir='ltr'>Allarii,</span> <span class='ocrx_word' id='word_1_59' title='bbox 1041 1870 1152 1940; x_wconf 70' lang='lat' dir='ltr'>Roma</span> <span class='ocrx_word' id='word_1_60' title='bbox 1180 1871 1285 1961; x_wconf 88' lang='lat'>1641,</span> <span class='ocrx_word' id='word_1_61' title='bbox 1310 1871 1345 1942; x_wconf 85' lang='lat'>8.</span> 
     </span>
     <span class='ocr_line' id='line_1_11' title="bbox 334 1983 1345 2085; baseline 0.004 -32"><span class='ocrx_word' id='word_1_62' title='bbox 334 1983 446 2079; x_wconf 66' lang='lat' dir='ltr'>lhu&#39;hpo</span> <span class='ocrx_word' id='word_1_63' title='bbox 462 1984 505 2077; x_wconf 74' lang='grc' dir='ltr'>γ’·</span> <span class='ocrx_word' id='word_1_64' title='bbox 533 1987 549 2054; x_wconf 65' lang='grc' dir='ltr'><strong>ἓ</strong></span> <span class='ocrx_word' id='word_1_65' title='bbox 565 1983 619 2056; x_wconf 69' lang='lat' dir='ltr'>eal</span> <span class='ocrx_word' id='word_1_66' title='bbox 631 1985 817 2080; x_wconf 67' lang='grc' dir='ltr'>Πλὲταρχος</span> <span class='ocrx_word' id='word_1_67' title='bbox 834 1990 860 2055; x_wconf 77' lang='grc' dir='ltr'>ἓν</span> <span class='ocrx_word' id='word_1_68' title='bbox 876 1991 938 2064; x_wconf 75' lang='grc' dir='ltr'>τοῖς</span> <span class='ocrx_word' id='word_1_69' title='bbox 954 1986 1170 2085; x_wconf 62' lang='lat' dir='ltr'>[langenheim</span> <span class='ocrx_word' id='word_1_70' title='bbox 1186 1990 1345 2079; x_wconf 70' lang='grc' dir='ltr'>διηγεῖται.</span> 
     </span>
     <span class='ocr_line' id='line_1_12' title="bbox 335 2095 1347 2186; baseline 0.003 -16"><span class='ocrx_word' id='word_1_71' title='bbox 335 2095 403 2173; x_wconf 86' lang='lat' dir='ltr'>Non</span> <span class='ocrx_word' id='word_1_72' title='bbox 415 2097 466 2173; x_wconf 84' lang='lat' dir='ltr'>est</span> <span class='ocrx_word' id='word_1_73' title='bbox 482 2098 520 2174; x_wconf 91' lang='lat' dir='ltr'>in</span> <span class='ocrx_word' id='word_1_74' title='bbox 538 2098 724 2186; x_wconf 80' lang='lat' dir='ltr'>Parallelis,</span> <span class='ocrx_word' id='word_1_75' title='bbox 749 2098 860 2172; x_wconf 87' lang='lat' dir='ltr'>sedin</span> <span class='ocrx_word' id='word_1_76' title='bbox 884 2099 973 2176; x_wconf 86' lang='lat' dir='ltr'>libro</span> <span class='ocrx_word' id='word_1_77' title='bbox 993 2101 1050 2172; x_wconf 87' lang='lat' dir='ltr'>De</span> <span class='ocrx_word' id='word_1_78' title='bbox 1070 2100 1244 2173; x_wconf 79' lang='lat' dir='ltr'><em>Virtutibus</em></span> <span class='ocrx_word' id='word_1_79' title='bbox 1261 2097 1347 2173; x_wconf 82' lang='lat' dir='ltr'>Mu·</span> 
     </span>
     <span class='ocr_line' id='line_1_13' title="bbox 334 2214 1109 2312; baseline -0.009 -19"><span class='ocrx_word' id='word_1_80' title='bbox 334 2214 438 2300; x_wconf 64' lang='lat' dir='ltr'>hum,</span> <span class='ocrx_word' id='word_1_81' title='bbox 453 2228 560 2312; x_wconf 85' lang='lat' dir='ltr'>caput</span> <span class='ocrx_word' id='word_1_82' title='bbox 579 2214 809 2311; x_wconf 89' lang='lat' dir='ltr'>postremum,</span> <span class='ocrx_word' id='word_1_83' title='bbox 827 2216 955 2288; x_wconf 85' lang='lat' dir='ltr'>Moral.</span> <span class='ocrx_word' id='word_1_84' title='bbox 974 2240 1010 2312; x_wconf 91' lang='lat' dir='ltr'>p.</span> <span class='ocrx_word' id='word_1_85' title='bbox 1025 2216 1109 2287; x_wconf 80' lang='lat'><strong>262.</strong></span> 
     </span>
    </p>

    <p class='ocr_par' dir='ltr' id='par_1_5' title="bbox 324 2328 1347 2775">
     <span class='ocr_line' id='line_1_14' title="bbox 376 2328 1347 2429; baseline 0.005 -29"><span class='ocrx_word' id='word_1_86' title='bbox 376 2328 563 2406; x_wconf 85' lang='lat' dir='ltr'>GLYCAS</span> <span class='ocrx_word' id='word_1_87' title='bbox 590 2330 784 2404; x_wconf 82' lang='lat' dir='ltr'>Annalium</span> <span class='ocrx_word' id='word_1_88' title='bbox 802 2329 858 2403; x_wconf 90' lang='lat' dir='ltr'>ed.</span> <span class='ocrx_word' id='word_1_89' title='bbox 878 2334 1005 2403; x_wconf 87' lang='lat' dir='ltr'>Venet.</span> <span class='ocrx_word' id='word_1_90' title='bbox 1024 2355 1061 2426; x_wconf 87' lang='lat' dir='ltr'>p.</span> <span class='ocrx_word' id='word_1_91' title='bbox 1074 2355 1137 2429; x_wconf 83' lang='lat'>45,</span> <span class='ocrx_word' id='word_1_92' title='bbox 1156 2333 1204 2417; x_wconf 90' lang='lat' dir='ltr'>A,</span> <span class='ocrx_word' id='word_1_93' title='bbox 1221 2331 1266 2405; x_wconf 93' lang='lat' dir='ltr'>de</span> <span class='ocrx_word' id='word_1_94' title='bbox 1283 2330 1347 2405; x_wconf 83' lang='lat' dir='ltr'>fas·</span> 
     </span>
     <span class='ocr_line' id='line_1_15' title="bbox 332 2440 1345 2545; baseline 0.002 -30"><span class='ocrx_word' id='word_1_95' title='bbox 332 2440 401 2518; x_wconf 87' lang='lat' dir='ltr'>cino</span> <span class='ocrx_word' id='word_1_96' title='bbox 413 2468 527 2543; x_wconf 79' lang='lat' dir='ltr'>agens,</span> <span class='ocrx_word' id='word_1_97' title='bbox 544 2460 717 2520; x_wconf 80' lang='lat' dir='ltr'>memorat</span> <span class='ocrx_word' id='word_1_98' title='bbox 735 2444 939 2519; x_wconf 89' lang='lat' dir='ltr'>Eutelidem</span> <span class='ocrx_word' id='word_1_99' title='bbox 951 2468 997 2518; x_wconf 84' lang='lat' dir='ltr'>ex</span> <span class='ocrx_word' id='word_1_100' title='bbox 1014 2443 1195 2518; x_wconf 85' lang='lat' dir='ltr'>Plutarchi</span> <span class='ocrx_word' id='word_1_101' title='bbox 1211 2446 1345 2545; x_wconf 86' lang='lat' dir='ltr'>Sympos.</span> 
     </span>
     <span class='ocr_line' id='line_1_16' title="bbox 334 2560 1346 2664; baseline -0.002 -25"><span class='ocrx_word' id='word_1_102' title='bbox 334 2561 431 2653; x_wconf 58' lang='lat' dir='ltr'>Quen</span> <span class='ocrx_word' id='word_1_103' title='bbox 448 2588 485 2650; x_wconf 82' lang='lat' dir='ltr'>v,</span> <span class='ocrx_word' id='word_1_104' title='bbox 500 2590 535 2664; x_wconf 85' lang='lat'>7.</span> <span class='ocrx_word' id='word_1_105' title='bbox 573 2561 666 2638; x_wconf 91' lang='lat' dir='ltr'>Ibid.</span> <span class='ocrx_word' id='word_1_106' title='bbox 685 2589 721 2660; x_wconf 72' lang='lat' dir='ltr'>p,</span> <span class='ocrx_word' id='word_1_107' title='bbox 742 2589 822 2651; x_wconf 89' lang='lat'>101,</span> <span class='ocrx_word' id='word_1_108' title='bbox 839 2565 885 2649; x_wconf 89' lang='lat' dir='ltr'>E,</span> <span class='ocrx_word' id='word_1_109' title='bbox 911 2560 991 2646; x_wconf 87' lang='lat' dir='ltr'>sunt</span> <span class='ocrx_word' id='word_1_110' title='bbox 1016 2585 1061 2635; x_wconf 85' lang='lat' dir='ltr'>ex</span> <span class='ocrx_word' id='word_1_111' title='bbox 1076 2563 1215 2648; x_wconf 78' lang='lat' dir='ltr'>Placitis</span> <span class='ocrx_word' id='word_1_112' title='bbox 1233 2561 1346 2637; x_wconf 86' lang='lat' dir='ltr'>Philo·</span> 
     </span>
     <span class='ocr_line' id='line_1_17' title="bbox 324 2678 731 2775; baseline 0.002 -23"><span class='ocrx_word' id='word_1_113' title='bbox 324 2680 481 2775; x_wconf 73' lang='lat' dir='ltr'>sophonia,</span> <span class='ocrx_word' id='word_1_114' title='bbox 499 2678 526 2767; x_wconf 89' lang='lat' dir='ltr'>i,</span> <span class='ocrx_word' id='word_1_115' title='bbox 544 2679 580 2752; x_wconf 87' lang='lat'>6.</span> <span class='ocrx_word' id='word_1_116' title='bbox 728 2709 731 2720; x_wconf 72' lang='lat'>¹</span> 
     </span>
    </p>

    <p class='ocr_par' dir='ltr' id='par_1_6' title="bbox 330 2791 1346 2994">
     <span class='ocr_line' id='line_1_18' title="bbox 368 2791 1345 2891; baseline 0 -22"><span class='ocrx_word' id='word_1_117' title='bbox 368 2793 642 2888; x_wconf 81' lang='lat' dir='ltr'>JOHANNES</span> <span class='ocrx_word' id='word_1_118' title='bbox 669 2793 916 2878; x_wconf 74' lang='lat' dir='ltr'>TZETZFs,</span> <span class='ocrx_word' id='word_1_119' title='bbox 942 2791 1104 2889; x_wconf 83' lang='lat' dir='ltr'>frequens</span> <span class='ocrx_word' id='word_1_120' title='bbox 1124 2792 1181 2866; x_wconf 91' lang='lat' dir='ltr'>ille</span> <span class='ocrx_word' id='word_1_121' title='bbox 1199 2792 1345 2891; x_wconf 89' lang='lat' dir='ltr'>quidem</span> 
     </span>
     <span class='ocr_line' id='line_1_19' title="bbox 330 2894 1346 2994; baseline 0.002 -13"><span class='ocrx_word' id='word_1_122' title='bbox 330 2906 357 2981; x_wconf 88' lang='lat' dir='ltr'>in</span> <span class='ocrx_word' id='word_1_123' title='bbox 381 2910 608 2985; x_wconf 85' lang='lat' dir='ltr'>memorando</span> <span class='ocrx_word' id='word_1_124' title='bbox 637 2908 841 2994; x_wconf 48' lang='lat' dir='ltr'>Plutarcho*</span> <span class='ocrx_word' id='word_1_125' title='bbox 876 2894 944 2980; x_wconf 55' lang='lat' dir='ltr'>nec&#39;</span> <span class='ocrx_word' id='word_1_126' title='bbox 969 2922 1088 2981; x_wconf 87' lang='lat' dir='ltr'>tamen</span> <span class='ocrx_word' id='word_1_127' title='bbox 1116 2923 1158 2981; x_wconf 90' lang='lat' dir='ltr'>ut</span> <span class='ocrx_word' id='word_1_128' title='bbox 1187 2910 1346 2984; x_wconf 87' lang='lat' dir='ltr'>multum</span> 
     </span>
    </p>
   </div>
   <div class='ocr_carea' id='block_1_4' title="bbox 330 3024 1347 3236">
    <p class='ocr_par' dir='ltr' id='par_1_7' title="bbox 330 3024 1347 3236">
     <span class='ocr_line' id='line_1_20' title="bbox 330 3024 1347 3118; baseline -0.002 -18"><span class='ocrx_word' id='word_1_129' title='bbox 330 3024 446 3101; x_wconf 81' lang='lat' dir='ltr'>adferat</span> <span class='ocrx_word' id='word_1_130' title='bbox 474 3024 661 3101; x_wconf 88' lang='lat' dir='ltr'>momenti.</span> <span class='ocrx_word' id='word_1_131' title='bbox 715 3028 757 3100; x_wconf 91' lang='lat' dir='ltr'>In</span> <span class='ocrx_word' id='word_1_132' title='bbox 792 3025 923 3098; x_wconf 84' lang='lat' dir='ltr'>Scholiis</span> <span class='ocrx_word' id='word_1_133' title='bbox 947 3025 995 3098; x_wconf 83' lang='lat' dir='ltr'>ad</span> <span class='ocrx_word' id='word_1_134' title='bbox 1022 3024 1189 3118; x_wconf 83' lang='lat' dir='ltr'>Hestodum</span> <span class='ocrx_word' id='word_1_135' title='bbox 1223 3025 1347 3098; x_wconf 89' lang='lat' dir='ltr'>Proclo</span> 
     </span>
     <span class='ocr_line' id='line_1_21' title="bbox 330 3135 1347 3236; baseline -0.001 -25"><span class='ocrx_word' id='word_1_136' title='bbox 330 3160 388 3211; x_wconf 90' lang='lat' dir='ltr'>non</span> <span class='ocrx_word' id='word_1_137' title='bbox 400 3164 534 3235; x_wconf 79' lang='lat' dir='ltr'>paucos</span> <span class='ocrx_word' id='word_1_138' title='bbox 552 3138 779 3212; x_wconf 82' lang='lat' dir='ltr'>Plutareheos</span> <span class='ocrx_word' id='word_1_139' title='bbox 795 3135 943 3236; x_wconf 86' lang='lat' dir='ltr'>sublegit</span> <span class='ocrx_word' id='word_1_140' title='bbox 960 3139 1068 3224; x_wconf 87' lang='lat' dir='ltr'>locos,</span> <span class='ocrx_word' id='word_1_141' title='bbox 1093 3137 1264 3233; x_wconf 88' lang='lat' dir='ltr'>quosdam</span> <span class='ocrx_word' id='word_1_142' title='bbox 1282 3136 1347 3212; x_wconf 90' lang='lat' dir='ltr'>eti-</span> 
     </span>
    </p>
   </div>
   <div class='ocr_carea' id='block_1_5' title="bbox 312 3252 1349 4721">
    <p class='ocr_par' dir='ltr' id='par_1_8' title="bbox 312 3252 1349 4721">
     <span class='ocr_line' id='line_1_22' title="bbox 329 3252 1345 3355; baseline -0.003 -24"><span class='ocrx_word' id='word_1_143' title='bbox 329 3278 375 3331; x_wconf 75' lang='lat' dir='ltr'>am</span> <span class='ocrx_word' id='word_1_144' title='bbox 388 3254 557 3353; x_wconf 87' lang='lat' dir='ltr'>pleniores</span> <span class='ocrx_word' id='word_1_145' title='bbox 575 3255 680 3328; x_wconf 89' lang='lat' dir='ltr'>habet</span> <span class='ocrx_word' id='word_1_146' title='bbox 696 3285 707 3339; x_wconf 91' lang='lat'>;</span> <span class='ocrx_word' id='word_1_147' title='bbox 734 3253 784 3327; x_wconf 87' lang='lat' dir='ltr'>est</span> <span class='ocrx_word' id='word_1_148' title='bbox 801 3278 945 3351; x_wconf 87' lang='lat' dir='ltr'>quoque</span> <span class='ocrx_word' id='word_1_149' title='bbox 960 3252 1022 3327; x_wconf 92' lang='lat' dir='ltr'>ubi</span> <span class='ocrx_word' id='word_1_150' title='bbox 1039 3253 1075 3326; x_wconf 90' lang='lat' dir='ltr'>in</span> <span class='ocrx_word' id='word_1_151' title='bbox 1092 3255 1214 3355; x_wconf 89' lang='lat' dir='ltr'>eadem</span> <span class='ocrx_word' id='word_1_152' title='bbox 1239 3254 1345 3330; x_wconf 88' lang='lat' dir='ltr'>inter-</span> 
     </span>
     <span class='ocr_line' id='line_1_23' title="bbox 330 3364 1347 3463; baseline 0.005 -26"><span class='ocrx_word' id='word_1_153' title='bbox 330 3366 509 3460; x_wconf 84' lang='lat' dir='ltr'>pretatione</span> <span class='ocrx_word' id='word_1_154' title='bbox 525 3391 655 3439; x_wconf 92' lang='lat' dir='ltr'>nomen</span> <span class='ocrx_word' id='word_1_155' title='bbox 673 3364 850 3439; x_wconf 85' lang='lat' dir='ltr'>Plutarchi</span> <span class='ocrx_word' id='word_1_156' title='bbox 868 3364 939 3463; x_wconf 91' lang='lat' dir='ltr'>ipse</span> <span class='ocrx_word' id='word_1_157' title='bbox 955 3367 1094 3452; x_wconf 87' lang='lat' dir='ltr'>habeat,</span> <span class='ocrx_word' id='word_1_158' title='bbox 1113 3368 1257 3441; x_wconf 85' lang='lat' dir='ltr'>Proclus</span> <span class='ocrx_word' id='word_1_159' title='bbox 1274 3392 1347 3442; x_wconf 91' lang='lat' dir='ltr'>non</span> 
     </span>
     <span class='ocr_line' id='line_1_24' title="bbox 330 3477 1347 3577; baseline -0.003 -21"><span class='ocrx_word' id='word_1_160' title='bbox 330 3477 412 3556; x_wconf 81' lang='lat' dir='ltr'>item.</span> <span class='ocrx_word' id='word_1_161' title='bbox 465 3483 546 3557; x_wconf 90' lang='lat' dir='ltr'>Nec</span> <span class='ocrx_word' id='word_1_162' title='bbox 565 3483 634 3554; x_wconf 88' lang='lat' dir='ltr'>hoc</span> <span class='ocrx_word' id='word_1_163' title='bbox 657 3505 699 3552; x_wconf 89' lang='lat' dir='ltr'>eo</span> <span class='ocrx_word' id='word_1_164' title='bbox 721 3482 826 3567; x_wconf 84' lang='lat' dir='ltr'>valet,</span> <span class='ocrx_word' id='word_1_165' title='bbox 852 3498 893 3553; x_wconf 89' lang='lat' dir='ltr'>ut</span> <span class='ocrx_word' id='word_1_166' title='bbox 920 3482 956 3554; x_wconf 95' lang='lat' dir='ltr'>T</span> <span class='ocrx_word' id='word_1_167' title='bbox 957 3495 1096 3577; x_wconf 85' lang='lat' dir='ltr'>zetzem</span> <span class='ocrx_word' id='word_1_168' title='bbox 1121 3481 1238 3556; x_wconf 87' lang='lat' dir='ltr'>adhuc</span> <span class='ocrx_word' id='word_1_169' title='bbox 1255 3479 1347 3554; x_wconf 91' lang='lat' dir='ltr'>inte-</span> 
     </span>
     <span class='ocr_line' id='line_1_25' title="bbox 330 3579 1345 3707; baseline -0.002 -36"><span class='ocrx_word' id='word_1_170' title='bbox 330 3620 417 3707; x_wconf 75' lang='lat' dir='ltr'>grum</span> <span class='ocrx_word' id='word_1_171' title='bbox 443 3579 624 3703; x_wconf 81' lang='lat' dir='ltr'>Plutarchi</span> <span class='ocrx_word' id='word_1_172' title='bbox 652 3595 959 3671; x_wconf 88' lang='lat' dir='ltr'>Commentarium</span> <span class='ocrx_word' id='word_1_173' title='bbox 989 3595 1145 3670; x_wconf 72' lang='lat' dir='ltr'>habuisse</span> <span class='ocrx_word' id='word_1_174' title='bbox 1171 3594 1345 3669; x_wconf 85' lang='lat' dir='ltr'>existime-</span> 
     </span>
     <span class='ocr_line' id='line_1_26' title="bbox 332 3709 1347 3812; baseline -0.002 -27"><span class='ocrx_word' id='word_1_175' title='bbox 332 3735 407 3786; x_wconf 67' lang='lat' dir='ltr'>nun</span> <span class='ocrx_word' id='word_1_176' title='bbox 458 3712 650 3812; x_wconf 83' lang='lat' dir='ltr'>Qudquid</span> <span class='ocrx_word' id='word_1_177' title='bbox 684 3714 757 3809; x_wconf 87' lang='lat' dir='ltr'>ejus</span> <span class='ocrx_word' id='word_1_178' title='bbox 785 3714 855 3787; x_wconf 91' lang='lat' dir='ltr'>hoc</span> <span class='ocrx_word' id='word_1_179' title='bbox 887 3711 1013 3787; x_wconf 84' lang='lat' dir='ltr'>saeculo</span> <span class='ocrx_word' id='word_1_180' title='bbox 1042 3711 1212 3799; x_wconf 87' lang='lat' dir='ltr'>exstabat,</span> <span class='ocrx_word' id='word_1_181' title='bbox 1242 3709 1280 3784; x_wconf 94' lang='lat' dir='ltr'>id</span> <span class='ocrx_word' id='word_1_182' title='bbox 1310 3709 1347 3784; x_wconf 93' lang='lat' dir='ltr'>in</span> 
     </span>
     <span class='ocr_line' id='line_1_27' title="bbox 328 3827 1346 3926; baseline -0.001 -24"><span class='ocrx_word' id='word_1_183' title='bbox 328 3827 428 3903; x_wconf 85' lang='lat' dir='ltr'>Procli</span> <span class='ocrx_word' id='word_1_184' title='bbox 450 3828 718 3910; x_wconf 84' lang='lat' dir='ltr'>Commentario</span> <span class='ocrx_word' id='word_1_185' title='bbox 740 3829 910 3918; x_wconf 82' lang='lat' dir='ltr'>exstabat,</span> <span class='ocrx_word' id='word_1_186' title='bbox 936 3857 999 3905; x_wconf 92' lang='lat' dir='ltr'>nec</span> <span class='ocrx_word' id='word_1_187' title='bbox 1022 3830 1096 3926; x_wconf 89' lang='lat' dir='ltr'>ipso</span> <span class='ocrx_word' id='word_1_188' title='bbox 1117 3828 1207 3903; x_wconf 90' lang='lat' dir='ltr'>forte</span> <span class='ocrx_word' id='word_1_189' title='bbox 1230 3828 1346 3902; x_wconf 84' lang='lat' dir='ltr'>adhuc</span> 
     </span>
     <span class='ocr_line' id='line_1_28' title="bbox 327 3936 1349 4045; baseline -0.002 -22"><span class='ocrx_word' id='word_1_190' title='bbox 327 3940 464 4045; x_wconf 72' lang='lat' dir='ltr'>ntegro.</span> <span class='ocrx_word' id='word_1_191' title='bbox 517 3946 627 4021; x_wconf 90' lang='lat' dir='ltr'>Unde</span> <span class='ocrx_word' id='word_1_192' title='bbox 655 3947 717 4021; x_wconf 85' lang='lat' dir='ltr'>etsr</span> <span class='ocrx_word' id='word_1_193' title='bbox 752 3948 866 4021; x_wconf 87' lang='lat' dir='ltr'>multa</span> <span class='ocrx_word' id='word_1_194' title='bbox 898 3945 935 4021; x_wconf 92' lang='lat' dir='ltr'>in</span> <span class='ocrx_word' id='word_1_195' title='bbox 967 3947 1064 4022; x_wconf 85' lang='lat' dir='ltr'>suam</span> <span class='ocrx_word' id='word_1_196' title='bbox 1100 3972 1172 4021; x_wconf 88' lang='lat' dir='ltr'>rem</span> <span class='ocrx_word' id='word_1_197' title='bbox 1204 3936 1349 4021; x_wconf 83' lang='lat' dir='ltr'>abstulit&#39;</span> 
     </span>
     <span class='ocr_line' id='line_1_29' title="bbox 327 4061 1346 4161; baseline -0.001 -23"><span class='ocrx_word' id='word_1_198' title='bbox 327 4061 468 4138; x_wconf 86' lang='lat' dir='ltr'>Tzetzes</span> <span class='ocrx_word' id='word_1_199' title='bbox 484 4065 595 4138; x_wconf 88' lang='lat' dir='ltr'>homo</span> <span class='ocrx_word' id='word_1_200' title='bbox 611 4066 734 4140; x_wconf 82' lang='lat' dir='ltr'>multae</span> <span class='ocrx_word' id='word_1_201' title='bbox 752 4063 897 4161; x_wconf 89' lang='lat' dir='ltr'>quidem</span> <span class='ocrx_word' id='word_1_202' title='bbox 913 4063 1084 4151; x_wconf 67' lang='lat' dir='ltr'>leetionis,</span> <span class='ocrx_word' id='word_1_203' title='bbox 1110 4064 1168 4137; x_wconf 88' lang='lat' dir='ltr'>sed</span> <span class='ocrx_word' id='word_1_204' title='bbox 1184 4088 1293 4137; x_wconf 84' lang='lat' dir='ltr'>vanus</span> <span class='ocrx_word' id='word_1_205' title='bbox 1310 4078 1346 4137; x_wconf 89' lang='lat' dir='ltr'>et</span> 
     </span>
     <span class='ocr_line' id='line_1_30' title="bbox 318 4175 1345 4271; baseline -0.005 -17"><span class='ocrx_word' id='word_1_206' title='bbox 318 4175 473 4271; x_wconf 65' lang='lat' dir='ltr'>instator,</span> <span class='ocrx_word' id='word_1_207' title='bbox 488 4179 636 4255; x_wconf 83' lang='lat' dir='ltr'>mirifice</span> <span class='ocrx_word' id='word_1_208' title='bbox 653 4195 772 4255; x_wconf 89' lang='lat' dir='ltr'>tamen</span> <span class='ocrx_word' id='word_1_209' title='bbox 789 4181 956 4255; x_wconf 89' lang='lat' dir='ltr'>Proclum</span> <span class='ocrx_word' id='word_1_210' title='bbox 971 4178 1182 4254; x_wconf 87' lang='lat' dir='ltr'>contemnit.</span> <span class='ocrx_word' id='word_1_211' title='bbox 1235 4180 1345 4252; x_wconf 89' lang='lat' dir='ltr'>Nunc</span> 
     </span>
     <span class='ocr_line' id='line_1_31' title="bbox 316 4291 1347 4393; baseline -0.007 -23"><span class='ocrx_word' id='word_1_212' title='bbox 316 4318 359 4370; x_wconf 80' lang='lat' dir='ltr'>ex</span> <span class='ocrx_word' id='word_1_213' title='bbox 375 4296 503 4371; x_wconf 86' lang='lat' dir='ltr'>Proclo</span> <span class='ocrx_word' id='word_1_214' title='bbox 528 4321 601 4370; x_wconf 91' lang='lat' dir='ltr'>non</span> <span class='ocrx_word' id='word_1_215' title='bbox 626 4295 688 4372; x_wconf 86' lang='lat' dir='ltr'>nifi</span> <span class='ocrx_word' id='word_1_216' title='bbox 711 4312 876 4393; x_wconf 84' lang='lat' dir='ltr'>excerpta</span> <span class='ocrx_word' id='word_1_217' title='bbox 892 4295 1089 4370; x_wconf 86' lang='lat' dir='ltr'>habemus:</span> <span class='ocrx_word' id='word_1_218' title='bbox 1117 4308 1154 4367; x_wconf 86' lang='lat' dir='ltr'>at</span> <span class='ocrx_word' id='word_1_219' title='bbox 1171 4293 1274 4389; x_wconf 88' lang='lat' dir='ltr'>plena</span> <span class='ocrx_word' id='word_1_220' title='bbox 1290 4291 1347 4364; x_wconf 88' lang='lat' dir='ltr'>illa</span> 
     </span>
     <span class='ocr_line' id='line_1_32' title="bbox 312 4408 1347 4510; baseline -0.004 -24"><span class='ocrx_word' id='word_1_221' title='bbox 312 4410 474 4486; x_wconf 78' lang='lat' dir='ltr'>locomm</span> <span class='ocrx_word' id='word_1_222' title='bbox 494 4411 789 4487; x_wconf 86' lang='lat' dir='ltr'>Plutarcheorum</span> <span class='ocrx_word' id='word_1_223' title='bbox 814 4415 860 4487; x_wconf 87' lang='lat' dir='ltr'>ad</span> <span class='ocrx_word' id='word_1_224' title='bbox 883 4438 973 4509; x_wconf 87' lang='lat' dir='ltr'>quos</span> <span class='ocrx_word' id='word_1_225' title='bbox 998 4411 1225 4510; x_wconf 83' lang='lat' dir='ltr'>indagandos,</span> <span class='ocrx_word' id='word_1_226' title='bbox 1250 4408 1347 4484; x_wconf 85' lang='lat' dir='ltr'>utilis</span> 
     </span>
     <span class='ocr_line' id='line_1_33' title="bbox 312 4524 1345 4644; baseline 0.002 -46"><span class='ocrx_word' id='word_1_227' title='bbox 312 4525 361 4607; x_wconf 82' lang='lat' dir='ltr'>est</span> <span class='ocrx_word' id='word_1_228' title='bbox 382 4526 604 4624; x_wconf 80' lang='lat' dir='ltr'>comparatio</span> <span class='ocrx_word' id='word_1_229' title='bbox 627 4526 785 4644; x_wconf 63' lang='lat' dir='ltr'>Taetzis,</span> <span class='ocrx_word' id='word_1_230' title='bbox 805 4526 1100 4627; x_wconf 79' lang='lat' dir='ltr'>‘quandoquidem</span> <span class='ocrx_word' id='word_1_231' title='bbox 1117 4548 1240 4631; x_wconf 74' lang='lat' dir='ltr'>eorum</span> <span class='ocrx_word' id='word_1_232' title='bbox 1265 4524 1345 4622; x_wconf 91' lang='lat' dir='ltr'>plu·</span> 
     </span>
     <span class='ocr_line' id='line_1_34' title="bbox 362 4669 844 4721; baseline -0.002 -4"><span class='ocrx_word' id='word_1_233' title='bbox 362 4669 458 4717; x_wconf 77' lang='lat' dir='ltr'>von.</span> <span class='ocrx_word' id='word_1_234' title='bbox 479 4670 528 4721; x_wconf 82' lang='lat' dir='ltr'>rr.</span> <span class='ocrx_word' id='word_1_235' title='bbox 824 4672 844 4716; x_wconf 88' lang='lat' dir='ltr'>e</span> 
     </span>
    </p>
   </div>
   <div class='ocr_carea' id='block_1_6' title="bbox 0 0 1826 5492">
    <p class='ocr_par' dir='ltr' id='par_1_9' title="bbox 0 0 1826 5492">
     <span class='ocr_line' id='line_1_35' title="bbox 0 0 1826 5492; baseline 0 2"><span class='ocrx_word' id='word_1_236' title='bbox 0 0 1826 5492; x_wconf 95' lang='lat' dir='ltr'> </span> 
     </span>
    </p>
   </div>
  </div>
 </body>
</html>
