3642 5492
376 651 453 711 clviii
742 647 757 703 1
798 643 830 704 N
870 643 900 702 D
940 643 967 702 Ε
1004 645 1034 702 Χ

376 814 504 876 Latinus,
522 807 651 866 Ottoneri
664 804 782 886 mosomii,
797 807 826 863 in
841 805 962 864 editione
975 803 1078 862 Latina
1091 801 1240 870 Baiileenfl,
1253 811 1283 861 et
1294 803 1340 866 H.
1352 808 1415 866 ste·

415 893 501 971 phsni
517 892 545 948 in
560 889 711 967 appendice
723 889 809 952 Tomi
824 888 899 946 tertii
912 886 1042 946 editionis
1055 885 1093 942 ab
1105 883 1164 962 ipso
1176 883 1269 944 faeie.

868 1033 913 1073 10.

579 1094 862 1207 ssopopohmeic
879 1094 958 1200 opit
979 1090 1209 1173 Ἀπολλώνιον.

692 1220 842 1310 Consolatio
857 1221 899 1284 od
910 1219 1094 1305 Apollonium.

373 1330 508 1389 Codicum
530 1326 694 1404 scriptorum
713 1347 731 1382 x
750 1326 928 1384 adhibuimus
948 1323 1128 1382 collationes:
1151 1321 1330 1404 Parisinstm
1350 1325 1411 1404 sep-

413 1420 480 1474 tem,
494 1409 574 1466 A.B.
584 1408 667 1464 C.D.
679 1407 711 1468 E.
722 1406 806 1466 N.Z.
828 1405 1135 1484 higdeno-Batavorum
1152 1405 1281 1474 duorum,
1306 1405 1371 1488 Μ
1382 1417 1413 1470 et

416 1491 533 1548 llrizon.
557 1489 649 1554 Verrem
664 1487 755 1546 Num.
768 1502 834 1564 250.

374 1572 549 1631 Peculiariter
560 1571 650 1627 editus
664 1569 752 1626 seculo
765 1568 822 1637 xvi,
843 1568 898 1628 sine
911 1577 979 1628 nota
990 1567 1043 1626 loci
1057 1577 1086 1625 et
1098 1567 1176 1636 anni,
1191 1578 1364 1628 memoratu
1376 1568 1408 1628 in

414 1652 551 1726 Catalogo
565 1650 717 1710 Pinclliano
731 1659 752 1706 t.
763 1649 781 1707 ἱ,

371 1732 472 1792 tanne
487 1733 607 1792 redditus
621 1751 638 1790 a
654 1729 780 1811 Stephano
794 1730 888 1810 liligro,
903 1730 933 1788 in
946 1730 1013 1790 edit.
1026 1730 1092 1795 Lat.
1104 1727 1256 1790 Baffloenfi.

867 1876 911 1916 11.

655 1935 803 2040 ‘tyrsos
820 1935 1124 2040 oropoyps'hposros.

660 2063 814 2149 Praecepta
830 2063 976 2126 Sanitatis
990 2064 1110 2131 tuenda.

373 2171 488 2229 Codices
501 2168 594 2245 scripti
609 2189 625 2225 a
639 2170 718 2226 nobis
732 2170 850 2228 adhibiti
864 2170 913 2225 iv:
936 2164 1084 2246 Parsfiesso
1096 2166 1162 2235 duo,
1178 2167 1218 2228 A.
1228 2165 1264 2228 E.
1292 2165 1410 2239 Vastus,

413 2249 504 2310 Num.
519 2264 587 2326 51¹·
613 2248 747 2324 llsffiamrs.

372 2333 474 2391 Latine
487 2331 607 2388 redditus
624 2332 693 2390 liber
709 2333 744 2388 ab
763 2329 876 2410 bomo,
897 2331 1007 2392 additus·
1025 2329 1065 2388 est
1081 2328 1251 2390 editionibus
1265 2329 1410 2390 Basileenb

413 2413 532 2480 Latinas,
546 2421 573 2470 et
586 2412 627 2472 H.
642 2412 785 2489 Stephani.

655 2603 799 2706 Poposcit
817 2544 1117 2704 ooiiiypihporo.

708 2726 863 2814 Praecpta
880 2725 1061 2812 Conjugalia.

370 2835 485 2893 Codices
498 2832 592 2910 scripti
607 2830 637 2892 iii
651 2830 811 2910 Pan'stensss,
825 2834 862 2892 A.
872 2832 904 2891 B.
914 2831 948 2889 E.

370 2918 470 2977 Latine
483 2915 573 2974 versus
586 2933 603 2973 a
619 2913 848 2993 Combiblguno,
861 2911 948 2974 exstat
961 2912 991 2974 in
1004 2912 1125 2974 editione
1136 2910 1240 2970 Latina
1250 2909 1410 2975 Bafileenfi.
1444 2967 1449 2982 ,

864 3061 909 3116 13·

661 3132 761 3222 ἘπΊᾶ
782 3135 890 3238 σοφῶν
909 3137 1100 3240 copatione.

638 3259 747 3345 Septem
762 3259 929 3347 Sapientem
944 3261 1127 3330 convivium.

368 3365 483 3426 Codices
497 3363 590 3442 scripti
604 3366 667 3425 viii:
690 3363 837 3444 Pariſssabs
851 3375 980 3443 quatuor,
994 3369 1032 3426 A.
1041 3368 1073 3424 B.
1083 3368 1116 3426 E.
1126 3368 1162 3425 G.
1178 3367 1324 3434 Britannici
1334 3369 1405 3436 duo,

410 3445 499 3504 Horll
514 3447 602 3524 5612,
618 3450 705 3524 5692.
740 3447 852 3512 Vossius,
866 3447 958 3504 Num.
972 3448 1039 3520 248.
1065 3445 1201 3520 l'isffiomes.
1431 3487 1434 3496 ·

369 3529 511 3590 Editiones
526 3529 676 3588 peculiares
689 3528 758 3586 duas
772 3526 847 3588 nsdti
861 3526 968 3586 sumus:
986 3528 1179 3590 Recentilbma
1188 3528 1226 3588 est
1235 3528 1311 3588 docti
1324 3529 1407 3592 Gelli

408 3610 451 3669 Lo
466 3610 542 3668 Porto
554 3607 589 3668 du
606 3607 679 3668 Tleil
696 3609 745 3686 qui
767 3609 795 3666 in
818 3611 869 3667 hoc
888 3607 982 3666 libello
994 3610 1114 3668 contulit
1126 3610 1231 3668 codices
1244 3609 1418 3682 Parisseoses,

409 3710 426 3748 a
445 3691 524 3749 nobis
544 3710 655 3768 quoquc
676 3690 705 3748 in
726 3689 838 3766 reliquis
856 3689 934 3748 libris
947 3689 1061 3750 collatos
1079 3701 1107 3748 et
1125 3689 1282 3767 frequenter
1295 3709 1408 3750 memo-

408 3783 481 3827 ratos
496 3772 528 3830 B.
538 3773 573 3829 E.
584 3771 621 3830 G.
650 3770 772 3827 Additus
786 3770 822 3825 est
836 3769 906 3827 alius
921 3770 1030 3828 libellus
1044 3771 1182 3829 blutarehi
1198 3769 1407 3849 Dedilcsmmdo

408 3850 550 3909 Adrolasoo·
561 3851 596 3909 ab
609 3853 697 3910 Amico
708 3875 717 3907 .·
741 3851 827 3927 igitur
839 3851 921 3928 plura
933 3851 1056 3908 diximus
1068 3851 1151 3930 supra
1165 3853 1255 3909 Num,
1266 3871 1296 3924 4.

367 3932 465 3992 Altera
478 3931 513 3987 eli
527 3953 591 3990 cum
607 3932 817 3991 Commentario
832 3931 949 3988 Danielis
965 3931 1081 4009 Clasenii,
1100 3933 1297 4010 Magdeburgi‚
1315 3930 1405 4008 1649.

407 4031 437 4083 4.
470 4011 529 4068 oui
545 4013 645 4070 Daniel
661 4012 812 4077 Clasenius‚
827 4032 863 4070 an
877 4020 972 4069 tantus
985 4011 1069 4070 suerit
1083 4014 1125 4069 vir
1138 4025 1260 4090 quantus
1274 4012 1406 4090 proditur

407 4093 442 4147 ab
455 4092 499 4167 Jo,
514 4092 638 4150 Fabricio
652 4095 681 4150 in
696 4092 769 4150 Hist.
783 4093 961 4150 Bibliothecae
979 4093 1085 4150 Fabric,
1105 4095 1134 4150 P.
1148 4095 1184 4160 iv,
1205 4114 1233 4170 p.
1250 4109 1298 4168 27,
1319 4094 1404 4149 vehe-

408 4182 514 4230 menter
531 4173 646 4229 dubito:
669 4174 751 4234 ¹illud
770 4174 888 4248 cognovi
908 4193 942 4230 ex
962 4173 1175 4232 Commentario
1193 4173 1312 4239 embolis,
1333 4191 1403 4232 eurn

407 4252 484 4311 soille
498 4253 567 4312 mire
580 4252 703 4310 sedulum
720 4255 748 4310 in
762 4254 887 4312 doctrina
901 4254 1026 4330 undique
1038 4255 1221 4312 corradenda:
1241 4265 1274 4310 ut
1287 4252 1402 4312 nullum

407 4333 628 4410 praeternrittcret
642 4334 733 4390 locum
749 4355 805 4392 non
817 4333 970 4391 nsadtotum
983 4335 1066 4410 longa
1080 4336 1201 4411 quadam
1212 4332 1404 4409 disputatione

351 4419 358 4438 ’
406 4415 574 4491 antiquaria.
614 4415 706 4469 Quale
731 4434 821 4470 unum
845 4414 964 4490 exempli
987 4414 1046 4471 loco
1065 4417 1113 4480 lit3
1140 4416 1214 4491 quod
1235 4415 1282 4472 ubi
1306 4413 1402 4471 Thales

407 4493 561 4552 Eionioidm
575 4494 696 4572 saltemus
717 4494 837 4571 prolatos
860 4493 906 4573 {lli
928 4497 1049 4566 dicitur;
1078 4494 1231 4561 Claienius,
1257 4493 1401 4552 auctorem

406 4575 521 4634 laudans
533 4576 709 4636 recentiorem
723 4575 862 4652 quoidam
873 4574 1042 4655 scriptorem,
1057 4577 1256 4651 Salmuthium,
1269 4576 1400 4656 complu·

684 4963 772 5092 so
