3642 5492
528 663 531 670 ’
596 655 1060 742 PRAEFATIQ
1247 682 1347 748 um

315 845 395 927 tiios
412 849 600 938 redundat,
623 848 701 949 qui,
724 847 886 948 quamvis
904 845 1018 947 ignoti
1040 859 1076 921 et
1099 844 1212 934 taciti,
1239 846 1347 922 tacite

317 964 435 1042 editori
469 965 620 1065 gratiam
653 965 804 1050 habeant
838 964 882 1058 de
918 961 1084 1039 Austoris
1117 960 1347 1074 intelligentia

294 1093 427 1176 Aperta
452 1092 493 1152 ct
522 1074 674 1152 &ciliore
703 1076 851 1151 reddita.
904 1078 1006 1150 Tum
1036 1074 1185 1150 demum
1213 1075 1345 1152 bonam

321 1191 404 1290 spem
422 1189 472 1266 de
490 1190 644 1268 succeffu
659 1188 790 1266 consilii
808 1191 858 1266 sui
877 1189 1031 1296 capiant,
1055 1213 1172 1289 quum
1192 1187 1251 1265 illa
1266 1217 1346 1265 orn-

322 1308 365 1381 n'a
379 1309 482 1408 apud
495 1307 528 1381 se
541 1307 790 1406 reputaverint,
807 1305 1067 1405 perpenderint,
1080 1301 1344 1381 constituerint:

322 1447 438 1519 quum,
465 1415 631 1523 neglectis
654 1422 810 1498 clamosus
833 1422 1055 1497 exactoribus
1073 1420 1198 1520 operis,
1224 1418 1346 1496 insus-

324 1555 416 1634 opto
432 1536 558 1612 itinere
573 1536 770 1612 constanter
785 1553 944 1637 pergant,
962 1537 1065 1612 unice
1077 1537 1153 1633 jam
1169 1535 1258 1612 illud
1272 1538 1346 1611 En·

330 1650 459 1728 nanum
476 1667 512 1726 et
530 1649 601 1727 istis
618 1668 812 1751 opponant,
831 1668 866 1726 et
884 1651 946 1726 fibi
962 1669 1177 1750 proponant,

277 1845 283 1862 ,
439 1797 525 1865 Urius
537 1799 589 1886 qui
602 1797 680 1865 nobis
690 1800 846 1867 emunda
860 1799 987 1887 restituit
999 1823 1080 1878 rema

440 1899 509 1965 Non
524 1903 646 1989 penebat
659 1901 734 1968 eninr
746 1923 871 1967 rumores
885 1915 953 1967 ante
963 1901 1111 1992 sulutem

440 2002 523 2090 arg·
530 2007 644 2094 postque
655 2006 797 2096 magisque
809 2006 876 2070 viri
888 2028 964 2071 nunc
974 2004 1072 2091 gioria
1084 2004 1185 2074 curu.

686 2339 978 2405 cucurrit.

346 2511 458 2613 Huiuia
475 2519 582 2613 studii
604 2547 626 2594 a
653 2518 811 2618 prioribus
836 2521 871 2594 iu
887 2517 1135 2621 frequentandis
1164 2515 1347 2623 edeudrsqae

603 2633 802 2710 Plutarrbeis
816 2638 944 2735 scriptis
965 2637 1067 2735 poili.

541 2885 554 2907 ‘
706 2868 895 2928 oacrio
930 2869 956 2928 1.

343 2999 411 3074 ἰὼ
431 3005 608 3097 Scriptorum
629 3007 738 3075 veteris
758 3022 787 3073 et
806 3006 892 3073 medii
912 3007 984 3087 aevi,
1003 3008 1084 3094 apud
1101 3026 1167 3093 quos
1181 3001 1353 3090 Plutarchi,
1475 3031 1481 3044 ·

396 3106 446 3174 ue!
453 3109 557 3174 mtie
567 3108 620 3196 fit,
630 3105 683 3173 vei
693 3105 746 3172 Ioci
755 3103 943 3187 rxhibaeutur,
956 3106 1007 3172 vel
1016 3106 1140 3195 uestigia
1154 3109 1276 3195 cissau.

414 3277 770 3356 UAERENTIBUS
799 3276 901 3352 nobis
931 3277 1087 3351 undeet
1112 3302 1184 3377 qua
1206 3277 1265 3353 uia
1289 3277 1349 3354 hic

427 3391 723 3478 Plutarcheorum
740 3394 912 3468 librorum
934 3418 1101 3469 numerus
1118 3411 1154 3469 et
1172 3393 1350 3490 scripturae

327 3523 506 3586 contextus
521 3507 568 3584 ad
585 3535 649 3584 nos
668 3508 877 3608 pervenerit,
895 3509 976 3582 duae
992 3525 1181 3583 occurrunt
1199 3524 1348 3583 aetates:

323 3619 436 3714 Μ’
447 3647 627 3724 proma,
644 3648 724 3722 quae
740 3623 792 3700 est
808 3648 829 3697 a
845 3622 960 3721 prima
974 3623 1261 3723 chalcographica
1276 3623 1349 3698 edi·
1378 3665 1384 3675 ·

322 3735 410 3813 tione
424 3768 435 3816 ι
447 3826 449 3831 ,
461 3741 581 3828 altera,
607 3738 788 3826 remotior,
814 3741 858 3813 ab
884 3738 989 3839 ipfius
1006 3737 1187 3815 Plutarchi
1203 3764 1281 3813 aevo
1296 3764 1348 3813 re-

318 3853 423 3950 petita
438 3869 474 3930 et
492 3853 538 3928 ad
555 3851 650 3929 illam
665 3851 776 3953 usque
794 3869 938 3928 atatem
954 3855 1118 3929 deducta.
1168 3854 1233 3928 Illa
1249 3855 1348 3932 nullo
1495 3847 1501 3867 '

315 3969 422 4046 modo
452 3970 502 4060 ab
532 3969 678 4044 Editore
705 3968 834 4070 negligi
861 3970 980 4046 debet.
1033 3968 1155 4066 Hujus
1187 3970 1350 4050 tractatio

314 4081 524 4182 pauciffim'u
538 4083 677 4170 adhuc·
691 4085 853 4160 adhibita
877 4085 928 4159 est
955 4085 1195 4161 Auctoribus:
1234 4113 1350 4187 neque

313 4219 396 4274 cum
412 4198 533 4299 aliqua
548 4198 697 4275 historia
715 4200 818 4300 copia
835 4200 992 4276 adhiberi
1008 4199 1124 4299 potest
1140 4202 1202 4278 nifi
1219 4203 1290 4279 fere
1308 4202 1361 4280 iia·

311 4310 376 4414 qui
397 4313 570 4390 doctrina
592 4341 633 4391 ac
653 4316 752 4392 scita
778 4313 1026 4392 auctoritatem
1050 4317 1264 4405 habuerunt,
1289 4343 1349 4395 ve·

312 4426 380 4504 tuti
393 4427 489 4506 Sacri
504 4428 694 4530 Scriptores
709 4447 747 4505 et
764 4429 1004 4518 Ecclefiastici,
1030 4448 1065 4506 et
1083 4432 1120 4506 in
1136 4432 1273 4507 diversis
1289 4459 1354 4535 gea

310 4542 454 4625 actibus
478 4545 675 4638 Homerus,
705 4545 957 4646 Hippocrates,
986 4545 1101 4637 Plato,
1130 4547 1346 4658 Aristoteles,

798 4684 819 4736 c
842 4687 863 4734 2
