3642 5492
369 465 407 546 u
653 461 1115 580 PRAEFATIQ

370 646 497 723 viderit
512 650 619 747 paulo
635 667 826 751 antequam
842 665 1047 740 moreretur,
1070 663 1185 728 narrat
1209 648 1403 729 onirocrit.

370 762 419 851 iv,
440 791 508 864 74:
536 769 645 844 modo
664 767 692 843 is
714 773 756 846 lit
779 769 893 846 noster
908 771 1129 846 Plutarchus.
1180 770 1324 844 Iocum
1349 792 1402 844 re·

370 881 544 978 servamus
562 884 607 958 ad
622 887 849 961 Nauarum
867 890 908 961 de
927 890 1004 962 Vita
1021 884 1201 962 Plutarchi.

397 1000 691 1088 -APPIANUS,
717 1000 797 1074 licet
822 1025 894 1074 non
918 1003 958 1074 fit
981 1000 1162 1073 habendus
1178 996 1302 1072 auctor
1316 1000 1403 1072 -Par-

372 1112 550 1188 thicorum
582 1113 688 1190 libelli
721 1114 945 1191 consarcinati
978 1141 1023 1188 ex
1060 1110 1275 1189 Plutarcheis
1309 1110 1403 1187 Vitis

371 1230 478 1304 Craffi
508 1245 545 1303 et
571 1230 749 1320 Antonii3
782 1232 857 1308 aliis
887 1249 1007 1308 tamen
1034 1230 1070 1305 in
1102 1227 1197 1305 libris
1225 1229 1404 1305 rationem

370 1343 512 1418 videtur
532 1344 689 1420 habuisse
711 1346 901 1434 Plutarchi,
927 1371 1149 1445 quamquam
1175 1369 1306 1420 nomen
1325 1345 1401 1440 ejus

371 1460 543 1557 nusquam
558 1460 727 1559 prodidit.
779 1462 946 1538 Studium
963 1461 1075 1536 saeculi
1093 1459 1144 1534 sui
1162 1460 1198 1534 in
1215 1459 1315 1534 Vitas
1334 1463 1402 1534 Pa·

371 1565 500 1647 rallelas
516 1590 552 1648 et
570 1575 870 1674 Comparationes,
897 1602 918 1649 a
938 1578 1129 1651 Plutarcho
1145 1574 1345 1651 excitatum
1360 1601 1404 1652 ac

370 1685 644 1786 frequentatum,
675 1707 814 1790 tangere
848 1691 990 1789 oblique
1023 1691 1162 1766 videtur
1190 1691 1227 1766 in
1255 1690 1403 1789 eriacis

370 1801 484 1899 capite
515 1802 576 1878 xli.
627 1805 881 1904 Epaminonda
910 1820 947 1881 et
975 1805 1145 1903 Scipionis
1175 1805 1331 1883 Africani
1363 1807 1403 1882 in

369 1915 495 2013 capitis
513 1916 649 2015 judicio
665 1917 895 1994 constantiam
913 1945 1063 2007 narrans,
1088 1936 1123 1995 et
1148 1920 1184 1994 in
1205 1921 1306 1997 exitu
1323 1914 1402 1996 riar-

371 2032 512 2107 rallonls
530 2036 603 2109 haec
620 2036 763 2124 addens,
781 2040 863 2110 Τάδε
878 2043 930 2132 μὶν
946 2040 979 2115 chi
991 2072 1049 2122 τις,
1064 2040 1100 2117 ὤς
1115 2043 1223 2127 ἐθέλοι,
1240 2040 1403 2140 συγκρίνειν

371 2152 434 2245 ’ἔχει
451 2179 459 2223 :
486 2147 571 2226 item
589 2152 632 2224 de
650 2153 745 2224 Bello
762 2149 866 2224 Civili
881 2149 971 2225 libro
987 2149 1022 2223 ii.
1041 2149 1077 2223 in
1092 2152 1176 2239 fine,
1192 2149 1404 2251 persequens

280 2281 287 2289 ·
371 2264 672 2362 comparationem
705 2263 896 2340 Alexandri
928 2281 962 2339 et
993 2265 1132 2340 Caesaris
1161 2293 1183 2340 a
1211 2269 1404 2348 Plutarcho

370 2378 643 2477 praetermiffam.

422 2497 644 2571 GELLIUS
674 2522 766 2570 unus
800 2494 850 2570 est
876 2525 921 2572 ex
955 2494 1120 2572 omnibus
1150 2497 1252 2594 hujus
1287 2499 1405 2576 aetatis

371 2610 593 2708 scriptoribus
621 2611 657 2686 in
686 2611 866 2687 laudandis
893 2610 1195 2709 memorandisque
1221 2613 1403 2710 Plutarchi

371 2725 501 2824 scriptis
526 2726 831 2827 frequentiffunus.
883 2727 993 2803 Primi
1010 2730 1098 2802 adeo
1115 2727 1240 2824 capitis
1255 2727 1402 2806 initium

370 2843 469 2928 ducit
492 2871 513 2930 a
537 2844 679 2932 nomine
699 2842 886 2930 Plutarchi,
912 2871 958 2918 ex
981 2844 1070 2917 libro
1090 2844 1230 2943 perdito
1247 2845 1305 2918 De
1322 2849 1403 2920 Vita

372 2965 542 3048 Hercrrltlr3
580 2988 662 3034 nam
691 2986 772 3035 vera
795 2959 935 3060 videtur
963 2962 1030 3034 else
1058 2962 1092 3056 J.
1114 2963 1158 3035 F.
1188 2962 1399 3037 Gnonovu

369 3074 570 3150 emendatio
598 3074 820 3161 restituentis,
852 3076 1044 3154 Plutarchus
1072 3079 1106 3148 in
1134 3077 1215 3150 libro
1241 3102 1329 3175 quern
1360 3081 1409 3152 de

371 3180 518 3266 Herculis
536 3196 621 3292 quali
636 3196 719 3264 inter
733 3191 866 3264 honrirtes
871 3195 979 3289 suerit
995 3194 1092 3264 animi
1107 3193 1298 3290 corporisque
1311 3195 1401 3291 hage-

369 3312 419 3381 ur'o
436 3326 466 3380 et
482 3309 658 3380 virtutibus
674 3308 906 3406 conscripfit-.
959 3311 1017 3381 Ex
1041 3307 1113 3380 aliis
1137 3305 1284 3403 perditis
1305 3307 1401 3384 libris

370 3429 465 3500 locos
491 3424 603 3518 refert.
654 3426 712 3497 De
728 3426 876 3513 Homeri,
902 3443 940 3497 err
961 3429 1073 3522 primo,
1092 3423 1140 3512 ir,
1163 3452 1201 3498 11
1224 3427 1401 3525 :secundm

371 3542 407 3629 ii,
424 3547 458 3630 8,
474 3571 506 3641 9.
559 3541 785 3614 Commentario
801 3557 908 3640 quarto
925 3543 958 3612 in
976 3542 1156 3634 Hefiodum,
1173 3567 1235 3628 xx,
1255 3545 1288 3615 8.
1341 3543 1403 3617 De

372 3664 486 3731 Anima
504 3684 549 3748 ex
561 3660 664 3754 primo
681 3653 782 3741 libro,
796 3652 855 3750 i,·3
872 3683 880 3726 :
909 3680 969 3740 xv,
988 3681 1043 3728 10.
1072 3659 1128 3728 Ex
1146 3653 1187 3728 iis
1203 3655 1266 3752 qui
1283 3654 1401 3754 super·

370 3773 463 3858 sunl,
489 3773 557 3874 turpi
581 3772 885 3867 Πολυπραγμοσῦνης,
906 3769 955 3857 xl,
976 3773 1040 3843 16:
1068 3773 1137 3872 accpi
1160 3775 1352 3874 Ἀοςγησίας,
1376 3800 1401 3862 1,

374 3891 434 3961 26.
473 3887 668 3982 Sympostacis
687 3886 922 3983 Qaestr'om‘bus,
948 3884 996 3971 iii,
1017 3889 1052 3972 6,
1079 3885 1125 3971 ir,
1151 3911 1206 3974 11,
1231 3885 1319 3974 xvii,
1343 3915 1400 3964 11.

373 3999 536 4097 Denique
554 4024 599 4071 ex
617 3997 705 4072 libro
721 4025 793 4073 non
810 3999 991 4074 nominato
1016 3999 1220 4075 sententiam
1240 4006 1402 4088 Arcesrlae

373 4117 420 4203 iii,
442 4143 475 4217 5.
527 4117 609 4189 Hos
633 4115 727 4187 locos
751 4113 881 4212 partim
905 4114 942 4188 in
963 4113 1333 4190 Animadverfionibus
1355 4121 1403 4195 ad

374 4231 567 4328 superstites
593 4228 712 4316 libros,
738 4227 867 4329 partim
895 4227 931 4302 in
957 4229 1189 4328 Fragmentis,
1218 4232 1404 4310 exhibebi-

374 4373 464 4423 mua.
