3642 5492
591 613 1160 734 PRAEMTIOJM
1259 648 1342 770 xcix

336 839 599 941 qnandoquidem
632 841 711 948 hoo
733 840 938 939 exemplum
967 841 1037 939 ipse
1071 840 1118 914 ad
1150 840 1231 915 usus
1262 843 1341 916 suos

334 955 577 1030 commodatum
610 953 750 1043 habuit,
786 956 911 1028 vellem
946 955 1148 1054 diligentius
1181 981 1224 1029 eo
1258 957 1340 1031 usus

332 1073 408 1158 ellel,
429 1069 595 1146 codicum
623 1070 670 1144 ab
696 1072 875 1144 Auroro
907 1069 1148 1144 adhibitorum
1173 1070 1338 1147 notitiam

330 1185 522 1283 prodidiffet,
548 1185 587 1259 in
613 1183 699 1259 locis
724 1184 896 1283 corruptis
920 1186 1148 1261 correctiones
1172 1187 1264 1260 illius
1287 1189 1337 1260 se·
1447 1275 1450 1282 r
1522 1244 1526 1252 .

329 1303 394 1378 dulo
408 1302 643 1391 memoralia,
660 1327 724 1377 nec
743 1300 820 1375 satis
838 1296 1009 1376 habuillet
1026 1302 1099 1398 ejus
1117 1303 1337 1377 mentionem

327 1418 364 1495 b'u
383 1437 475 1497 terve
500 1415 662 1520 injeciffe.
714 1410 906 1507 Caeterum,
933 1420 1033 1518 quod
1057 1422 1335 1493 Vtrnorsonus

326 1535 360 1613 ait
372 1539 393 1582 ⁵
407 1543 626 1614 Atriorum
644 1524 689 1611 eit
706 1535 845 1634 optimo
862 1535 997 1622 codice,
1021 1560 1116 1609 nunc
1133 1534 1169 1608 in
1186 1534 1337 1608 Parisrna

269 1721 271 1730 .
326 1649 457 1725 Oratorii
475 1652 624 1724 Petrum
641 1647 855 1724 bibliotheca
873 1648 1019 1735 servato,
1046 1650 1136 1722 hanc
1162 1649 1335 1745 interpre—

325 1762 474 1838 utionem
493 1761 697 1838 confeciffe:
725 1763 842 1850 credo,
862 1765 938 1836 haec
955 1759 1026 1859 ipsa
1043 1764 1214 1859 exempla,
1233 1762 1335 1836 Aldi·

325 1902 393 1954 num
408 1903 448 1951 ac
460 1876 659 1964 Bafileense
677 1901 742 1951 nec
757 1876 967 1973 peculiarem
980 1876 1139 1950 codicem
1152 1875 1335 1972 scriptum,

324 1992 518 2091 fignificavit.
571 1990 669 2065 Mihi
694 1991 732 2064 in
756 1990 815 2063 illa
840 1991 927 2064 urbe
942 1989 1085 2089 degenti
1108 2014 1180 2062 non
1197 1989 1335 2064 vacavit

324 2111 471 2184 Aaron
502 2110 667 2205 exempla
694 2110 750 2183 vel
777 2106 941 2205 inspicere
963 2108 1019 2181 vel
1042 2121 1231 2181 excutere:
1263 2104 1335 2203 pri·

322 2246 408 2298 mum
434 2241 470 2297 et
499 2222 778 2322 antiquiffimum
814 2221 903 2297 mihi
935 2220 1017 2307 fuit,
1043 2208 1336 2318 praestantiffimos

321 2339 453 2429 codiee,
468 2367 489 2416 a
504 2342 646 2416 nemine
662 2344 778 2416 adhuc
792 2341 927 2416 editore
939 2340 1130 2428 adhibitos,
1149 2355 1335 2427 excutere;

320 2474 349 2530 et
362 2453 480 2534 otuiffis
497 2457 618 2532 rivulis
633 2460 679 2532 ab
704 2457 778 2557 ipso
803 2457 900 2532 fonte
918 2457 1068 2532 haurire.
1122 2459 1334 2554 Interpreta-

320 2571 433 2652 nonen
458 2574 608 2673 quidem
633 2572 753 2672 postea
780 2599 865 2649 cum
894 2577 1021 2648 Graeco
1047 2575 1185 2649 contuli
1215 2593 1331 2671 opere,

320 2712 413 2787 neque
437 2688 475 2764 id
500 2691 570 2763 fine
595 2688 848 2763 emendationis
872 2689 1017 2763 fructu:
1046 2705 1087 2763 ut
1109 2716 1154 2762 ex
1170 2694 1332 2764 Annota-

289 2835 294 2850 ·
318 2799 396 2881 tione
410 2820 443 2880 et
462 2801 836 2880 Animadverfionibus
853 2803 973 2879 nostris
990 2803 1218 2903 intelligetur.

768 3049 801 3143 §-
830 3048 864 3122 o.

516 3189 569 3260 De
583 3192 697 3262 latina
713 3194 952 3283 Interpretatione
965 3192 1107 3285 Cruserr'i.

356 3355 407 3436 De
421 3363 485 3439 hae
500 3390 627 3472 pauca,
650 3387 731 3466 quae
745 3367 874 3456 dicum,
893 3367 1019 3441 habeo.
1062 3367 1331 3441 Henmnurtus

313 3582 332 3611 '¹
340 3576 422 3641 ferent
434 3577 562 3664 copore&
575 3584 634 3644 l'un
647 3593 676 3643 et
685 3586 781 3643 l'antre
793 3586 828 3643 de
841 3586 943 3644 Melun
956 3605 1007 3664 par
1016 3588 1135 3645 Pinnae
1145 3586 1332 3651 Recunutr,

312 3677 476 3740 Ὕπανιν
493 3683 534 3740 du
555 3682 613 3741 Roi
633 3700 670 3739 au
691 3683 761 3758 {iege
774 3681 900 3742 Prefidial
917 3684 952 3741 de
969 3692 1040 3740 cette
1060 3682 1134 3750 ville,
1153 3683 1201 3759 qui
1215 3680 1331 3747 dt'elare,

268 3801 280 3814 ·
312 3775 408 3851 “qu'ilr
433 3779 644 3858 appartenoient
668 3781 686 3838 d
709 3778 815 3855 Mffre
837 3779 954 3860 Jacqucs
976 3785 1077 3856 Amyot,
1099 3781 1198 3837 vivant
1226 3778 1332 3855 meque

311 3875 328 3904 ⁸
336 3869 469 3936 dmm
480 3889 506 3935 et
513 3860 609 3955 grand
619 3877 756 3956 flumenin
768 3876 799 3936 de
813 3877 918 3936 Fronte.
949 3877 989 3936 Le
1002 3878 1124 3936 Volume
1143 3876 1190 3933 (les
1208 3873 1331 3933 Oeuvres

308 3967 581 4031 “Moonfient
597 3992 638 4030 un
658 3973 722 4050 plus
742 3972 831 4050 grand
853 3974 968 4031 nombre
985 3975 1110 4032 denotet
1125 3992 1179 4049 que
1199 3974 1270 4031 celui
1283 3974 1330 4031 des

307 4069 323 4096 '¹
336 4061 412 4125 Vter:
430 4078 458 4128 et
472 4067 503 4147 je
521 4069 583 4127 dois
599 4068 659 4136 dire
677 4069 712 4127 ici
730 4072 747 4127 l
764 4071 792 4127 la
809 4071 927 4148 louange
939 4071 1094 4139 d'Anron
1116 4092 1169 4148 que
1186 4070 1224 4127 les
1237 4071 1330 4151 leqons

305 4161 440 4223 “diversa
456 4166 496 4224 du
511 4176 588 4224 texte
601 4165 636 4224 tle
653 4166 812 4244 Plumrque,
834 4167 901 4245 qu’il
922 4185 939 4223 a
959 4165 1130 4225 raffembloes
1144 4187 1208 4225 avec
1223 4169 1283 4223 lant
1296 4169 1330 4223 de

303 4263 320 4291 ⁸
331 4255 395 4328 bin,
407 4258 468 4319 sont
480 4280 536 4320 une
549 4281 653 4339 preuve
664 4262 697 4319 de
710 4262 750 4320 ses
762 4264 878 4340 grandes
892 4261 1094 4322 connoissances
1105 4265 1174 4321 dans
1188 4264 1215 4320 la
1229 4263 1330 4338 langue

299 4358 318 4386 ‘¹
328 4353 504 4433 Gruoque—”
525 4359 578 4417 sed
591 4358 625 4415 de
636 4358 688 4416 hoc
701 4360 838 4436 postremo
849 4359 910 4419 loco
922 4360 1128 4419 Meztntncos
1143 4359 1242 4417 certius
1253 4358 1329 4434 judi-

293 4467 355 4509 me
366 4463 486 4531 ponne.

333 4551 352 4591 ἕ
372 4549 565 4630 prolegomen.
579 4553 616 4612 nd
630 4552 723 4632 Longi
736 4552 889 4626 Palloralia,
904 4573 933 4630 p.
951 4565 965 4630 7
968 4571 997 4626 3.

785 4673 847 4747 εἰ
