3642 5492
632 686 1121 767 ‘PRAEFATIQ
1224 683 1407 774 'lxxvu

381 898 454 949 mm
471 870 765 949 Hutarcheomm
782 899 854 947 non
869 874 957 950 item
974 875 1095 951 habita
1111 877 1210 951 ratio.
1243 882 1406 979 Sequun-

380 1006 431 1065 tur
444 990 587 1066 codices
609 989 724 1065 seculi
743 1013 804 1079 xv,
831 990 900 1065 fere
917 1018 1039 1067 omnes
1061 994 1097 1067 in
1124 995 1223 1069 Italia
1244 996 1408 1095 descripti

378 1132 393 1180 e
412 1106 602 1181 codicibus
623 1106 828 1182 recensionis
851 1108 1023 1197 secundae,
1050 1110 1087 1182 id
1112 1110 1174 1199 est,
1199 1112 1340 1186 Codicis
1356 1120 1405 1200 A,

375 1209 539 1295 adnibiti's
551 1220 656 1309 fone,
669 1247 744 1296 uno
758 1223 937 1320 alteroque
954 1224 990 1295 in
1009 1225 1111 1311 libro,
1129 1224 1202 1298 aliis
1216 1226 1403 1322 exemplis:

374 1362 412 1410 ex
428 1340 500 1412 hoc
517 1362 645 1435 genere
658 1336 739 1412 sunt
757 1337 907 1425 codices,
921 1338 1138 1427 Belsarionis,
1153 1340 1292 1427 Veneti,
1309 1342 1405 1415 unde

371 1453 534 1552 princeps
551 1452 662 1529 editio
678 1454 811 1529 Aldina
826 1455 980 1551 expreffa
993 1453 1056 1528 est.

716 1740 954 1804 CAPITIS
1006 1744 1065 1803 111.

758 1944 945 1998 SECTIO
976 1934 1020 1998 11.

368 2116 415 2176 ne
437 2108 624 2177 Editim'lns
644 2125 729 2197 opera
749 2092 986 2197 chalcograpbica
997 2111 1104 2200 fallis,
1127 2108 1312 2194 Verfimbus,
1332 2110 1408 2178 mi.

619 2212 872 2299 madverstonibus,
895 2212 1121 2279 Commentariis.

442 2377 529 2453 AM
552 2377 598 2450 de
624 2376 803 2450 Moralium
829 2379 945 2473 Opere
970 2371 1190 2472 peculialiter
1212 2371 1407 2465 videamus,
1436 2420 1441 2436 ι

454 2504 570 2588 eoque
585 2488 761 2575 universo,
788 2514 851 2562 nec
868 2490 911 2561 de
931 2488 1069 2587 fingulis
1085 2489 1158 2586 ejus
1176 2488 1281 2564 libris.
1325 2491 1406 2564 Ha·

369 2609 435 2680 bet
450 2608 528 2681 haec
543 2622 622 2679 tota
647 2603 792 2677 materia
808 2606 895 2677 duas
912 2622 1039 2703 partes,
1065 2633 1216 2705 quarum
1232 2609 1340 2682 altera
1356 2608 1408 2682 est

369 2725 418 2798 de
434 2720 667 2798 Editionibus
685 2721 817 2796 Graecis
834 2724 879 2796 ad
897 2748 1025 2797 novam
1041 2724 1217 2824 scripturae
1234 2724 1405 2799 constitu-

370 2837 511 2915 tionem
537 2855 574 2912 et
597 2851 786 2912 contextus
804 2840 1087 2915 emendationem
1104 2842 1215 2929 fadis,
1240 2844 1347 2916 altera
1361 2843 1407 2916 de

371 2952 615 3045 Verfionibua,
632 2950 1014 3040 Animadversionibus‚
1030 2952 1313 3040 Commentariis,
1327 2952 1407 3051 qui·

369 3070 443 3144 bus
476 3068 523 3140 ad
557 3065 840 3140 emendationem
873 3059 1240 3163 interpretationemve
1270 3065 1407 3165 aliquid

372 3179 579 3280 profectum
612 3181 673 3254 est.
733 3180 914 3254 Editiones
942 3197 1095 3279 quatuor
1123 3181 1203 3256 sunt
1232 3196 1268 3255 et
1296 3182 1407 3256 veluti

368 3312 496 3372 aetates
517 3293 735 3370 'emendandi
763 3311 969 3383 contextus,
1004 3323 1122 3395 eaeque
1152 3322 1273 3372 omnes
1300 3296 1408 3371 unius

372 3412 491 3490 saculi
518 3413 604 3500 xvi5
632 3412 762 3487 Aldina
786 3438 879 3486 anno
910 3440 1025 3512 15093
1057 3414 1256 3490 Bafileenses
1286 3438 1405 3512 15423

372 3527 612 3628 Stephaniana
643 3554 757 3627 1572;
790 3530 989 3625 Xylandrea
1020 3554 1033 3603 ι
1042 3556 1138 3631 574:
1179 3533 1304 3603 harum
1331 3531 1407 3600 Ste-

373 3648 551 3746 phaniana
575 3662 714 3723 caeteras
741 3648 860 3721 obruit
884 3663 920 3720 et
948 3649 1018 3721 sola
1043 3649 1205 3747 deinceps
1227 3644 1409 3720 dominata

372 3764 439 3839 est.
490 3765 685 3851 versiones,
712 3764 1048 3853 Animadversiones,
1066 3761 1406 3850 Commentationes,

373 3882 442 3956 illis
460 3880 690 3956 Editionibus
712 3896 747 3955 et
763 3882 933 3955 aetatibus
957 3880 1085 3979 partim
1101 3878 1289 3976 interjedlae
1313 3875 1406 3964 sunt,

375 3996 509 4095 partim
526 3997 690 4092 subjedlae
706 4021 745 4070 ac
762 3996 985 4093 posteriores:
1010 3993 1148 4069 illarum
1164 3995 1320 4067 auftores
1336 3991 1424 4085 sere,

377 4112 458 4187 sunt
479 4114 981 4207 Leon1cos‚Jnnnon1us,
1000 4107 1236 4197 Tonnnaos,
1257 4109 1406 4181 Senon·

380 4250 468 4313 um,
492 4225 741 4312 Xnnnnnnn,
760 4230 986 4298 Animus:
1015 4226 1152 4311 harum,
1171 4223 1312 4322 ignotus
1328 4218 1407 4316 qui·

377 4339 463 4413 dam
487 4338 697 4436 compilator
713 4338 896 4413 variarum
922 4336 1115 4413 lectionum
1141 4336 1253 4436 tribus
1271 4331 1407 4408 Editio·

380 4455 486 4528 nibus
503 4452 785 4529 Graeco-Latinis
802 4452 1080 4550 subjunctam,
1100 4468 1179 4527 tum
1192 4450 1407 4523 men-:eus

385 4567 681 4658 animncos,
714 4568 867 4667 denique
900 4567 1017 4643 nostra
1047 4580 1150 4642 aetate
1184 4566 1408 4641 Reisicms.
