3642 5492
472 583 552 661 cxiv
756 583 1221 667 PRAEFATIO.

475 773 719 847 Plutarcheam
745 770 892 848 dubiam
918 770 1111 848 reddidisse.
1163 774 1293 870 Neque
1309 797 1394 848 vero
1416 771 1514 848 secus

475 889 648 964 fastorum
675 891 890 986 reprehensio
919 890 1061 963 laudern
1091 890 1180 964 bene
1209 887 1388 990 festorum
1415 889 1515 986 apud

475 1032 538 1079 nos
564 1008 708 1080 obruere
735 1007 853 1079 debet.
904 1007 1018 1106 Qod
1042 1020 1167 1080 contra
1190 1005 1299 1079 solent
1324 1003 1432 1080 multi
1448 1003 1515 1104 qui

475 1119 590 1193 nostra
605 1136 706 1194 aetate
728 1123 935 1196 Graecorum
953 1123 1155 1196 Austorum
1180 1119 1306 1219 scripta
1320 1118 1401 1217 post
1416 1119 1516 1194 ὃτι·

479 1260 653 1308 rnnuunr
672 1237 806 1312 edunt:
835 1263 990 1334 quorum
1009 1235 1046 1311 in
1065 1236 1330 1336 praefationibus
1348 1235 1426 1333 jani
1443 1235 1521 1312 sere

475 1350 542 1424 loci
568 1354 768 1428 communis
784 1339 1018 1452 frequentiam
1043 1349 1201 1428 obtinuit
1228 1355 1441 1428 Srerunsu
1460 1375 1517 1426 re·

345 1539 348 1550 ,
474 1470 667 1566 prehensio,
692 1487 734 1543 ut
759 1470 863 1568 pauci
886 1473 952 1544 sint
975 1469 1064 1569 quin
1088 1495 1173 1558 eum
1187 1470 1279 1544 male
1295 1467 1517 1544 mulslatum

474 1583 657 1658 dimittant
674 1611 713 1658 ac
731 1603 896 1659 notatum
915 1585 1060 1658 crimine
1079 1583 1271 1682 jastantiae,
1297 1583 1400 1658 malae
1414 1581 1514 1670 fidei,

476 1699 618 1775 fraudis.
672 1701 850 1799 Equidem
867 1702 902 1773 in
921 1701 1130 1776 Plutarchea
1145 1699 1236 1773 illius
1252 1723 1359 1797 opera
1376 1695 1427 1774 nil
1442 1695 1513 1772 isti-

477 1816 615 1890 usmodi
647 1815 785 1914 agnovi.
838 1815 874 1891 Si
900 1815 989 1914 quid
1011 1841 1192 1914 perperam
1216 1813 1312 1901 fecit,
1338 1810 1513 1912 ignoscere

475 1916 655 2006 debemus
671 1947 707 2005 et
733 1930 956 2029 compensare
978 1930 1054 2005 aliis
1077 1929 1214 2030 magnis
1238 1925 1433 2026 multisque
1449 1924 1513 2002 viti

476 2047 661 2122 laudibus:
686 2044 767 2120 fecit
785 2044 880 2120 enim
896 2045 1028 2144 partim
1045 2043 1298 2122 consuetudine
1315 2042 1434 2122 saeculi
1449 2039 1512 2134 sui,

476 2191 551 2262 quo
566 2162 776 2258 conjecturae
802 2178 836 2237 et
860 2162 1027 2238 codicum
1043 2163 1210 2238 lestiones
1224 2162 1373 2235 eandem
1389 2161 1512 2236 austo-

477 2279 617 2352 ritatem
636 2279 827 2363 habebant,
844 2304 1038 2377 carumque
1056 2294 1275 2377 receptarum
1291 2301 1512 2352 commemo·

477 2393 564 2467 ratio
584 2419 656 2465 non
675 2407 785 2478 tanta,
803 2410 938 2490 quanta
955 2395 1071 2469 nostro
1085 2395 1223 2478 saecu10,
1242 2389 1408 2490 religione
1421 2391 1514 2466 cole·

477 2523 571 2582 retur
597 2533 617 2577 a
643 2505 803 2580 Criticis:
833 2509 963 2604 partim
986 2509 1068 2583 fecit
1090 2506 1309 2582 festinatione
1331 2529 1373 2580 ac
1396 2503 1513 2580 studio

477 2622 527 2694 rei
542 2622 701 2719 gerendae
719 2647 760 2694 ac
779 2624 978 2697 multorum
1000 2625 1202 2696 Austorum
1227 2619 1446 2696 editionibus
1469 2621 1514 2694 de

479 2738 580 2810 bonis
599 2735 727 2812 Literis
743 2738 834 2810 bene
853 2735 1018 2811 merendi.
1065 2736 1150 2811 Fuit
1166 2735 1261 2811 enim
1278 2735 1336 2810 hic
1352 2735 1407 2810 vir
1420 2761 1515 2812 unus

479 2853 640 2929 omnium
667 2853 762 2928 idem
788 2871 824 2925 et
851 2852 1127 2927 laboriofislimus
1150 2868 1186 2927 et
1209 2850 1461 2936 efficaciffimus
1477 2865 1515 2934 et

477 2971 737 3057 eruditissimus,
764 2968 827 3067 qui
845 2970 958 3066 plures
975 2969 1149 3044 Aucltores
1166 2969 1332 3067 antiquos
1349 2967 1515 3044 tractavit

477 3103 511 3161 et
538 3086 661 3173 edidit,
696 3111 805 3184 quarn
835 3082 888 3158 isti
917 3082 1172 3181 reprehensores
1204 3087 1380 3182 legerunt,
1413 3085 1516 3183 plura

476 3202 603 3299 scripsit
618 3227 726 3298 quam
746 3199 799 3273 isti
817 3199 924 3273 fando
947 3198 1172 3288 audiverunt,
1194 3202 1364 3296 majorem
1381 3199 1515 3278 doetri-

477 3342 560 3390 nam
585 3315 703 3388 animo
731 3331 933 3412 perceptam
961 3316 1077 3390 tenuit
1105 3343 1213 3414 quarn
1239 3317 1294 3390 isti
1319 3315 1514 3416 suspicione

478 3432 648 3529 attingere
666 3445 871 3528 potuerunt.
910 3430 1040 3517 Nobis,
1057 3431 1137 3528 post
1148 3459 1231 3507 eum
1249 3431 1344 3506 idem
1361 3431 1517 3530 spatium

477 3550 638 3645 ingressis,
658 3572 729 3619 non
747 3545 934 3620 illaudatus
951 3546 1087 3622 abibit:
1107 3573 1217 3646 enque
1234 3547 1336 3621 nobis
1353 3546 1420 3621 erit
1437 3549 1516 3622 lau·

476 3663 574 3740 datio
597 3680 630 3736 et
654 3661 815 3760 frequens
842 3660 878 3734 in
902 3664 971 3738 hoc
993 3689 1097 3761 opere
1123 3679 1159 3738 et
1183 3663 1365 3752 veriffima,
1390 3679 1434 3740 ut
1450 3663 1517 3740 viri

477 3783 565 3853 bene
593 3779 688 3852 dista
715 3779 761 3851 ad
786 3777 979 3876 legentium
1006 3777 1246 3879 cognitionem
1272 3803 1518 3878 proponamus

476 3915 510 3969 et
541 3897 767 3981 celebremus,
796 3894 891 3968 secus
922 3893 1029 3982 dista,
1058 3898 1081 3968 sr
1109 3893 1254 3993 quidem
1284 3895 1520 3970 memoranda

477 4011 671 4095 videantur,
699 4036 936 4090 memoremus
953 4013 1021 4084 fine
1038 4010 1248 4110 superbisset
1266 4009 1519 4102 ostentatione,

476 4145 516 4202 ut
535 4124 598 4198 illis
615 4123 820 4199 erudiantur
836 4129 1000 4224 legentes,
1022 4127 1076 4200 his
1093 4128 1363 4208 admoneantur.

389 4873 561 5069 Α
