3642 5492
664 605 1169 689 tumtunm*
1307 614 1409 694 13111

377 818 462 893 equo
475 794 511 866 in
523 790 715 867 mahte
726 799 893 893 preceptis
910 796 1052 896 ob‘t'ceret
1068 820 1127 869 reon
1140 795 1282 874 haberet.
1317 800 1411 876 Laus

378 913 494 1009 iugens,
510 934 552 982 ex
568 936 622 982 ore
641 909 813 1007 presentie
835 912 965 985 homine
987 914 1115 1005 animost
1136 916 1190 1011 qui
1211 916 1307 1005 nostro
1323 916 1410 1006 Jelr'o

381 1025 593 1124 cesaristam
607 1026 824 1099 Almoedmn
839 1030 1047 1125 comparcqset.
1075 1032 1127 1100 At
1143 1026 1222 1125 quis
1232 1054 1409 1127 umquam
1533 1043 1536 1050 ’

375 1152 432 1215 eut
446 1139 539 1239 legit
556 1154 621 1214 eut
634 1139 745 1215 findo
766 1141 917 1230 audivit,
944 1144 1173 1218 Plutarchum
1197 1146 1409 1241 comper-else

375 1254 573 1329 Varronem
591 1256 731 1330 Platoni
747 1273 783 1330 et
800 1256 990 1345 Aristoteli,
1010 1256 1198 1355 Virgilium
1215 1261 1407 1335 Homero?

374 1371 503 1470 Neque
528 1396 615 1444 vero
637 1372 726 1446 illud
750 1375 794 1446 de
820 1376 949 1456 Seneca
965 1374 1001 1447 in
1017 1373 1112 1448 libris
1129 1376 1318 1465 Plutarchi,
1343 1377 1408 1475 qui

372 1511 465 1570 nunc
480 1486 583 1575 sunt,
600 1487 723 1568 exlint.
767 1493 827 1562 An
843 1489 952 1589 igitur
969 1493 1078 1563 Vitam
1092 1490 1229 1565 Neronis
1242 1506 1306 1566 aut
1322 1491 1408 1569 elios

373 1604 605 1679 Plutarcheos
622 1603 728 1678 libros
750 1606 874 1680 habuit
898 1605 1096 1693 Petrarcha,
1122 1608 1216 1679 unde
1241 1609 1317 1681 baec
1338 1607 1407 1682 dis·

371 1723 493 1796 ceret?
520 1722 612 1795 Non
638 1720 802 1795 credibile
823 1721 872 1795 est
893 1721 931 1797 in
958 1722 1059 1797 Italia
1080 1741 1166 1797 tunc
1192 1721 1290 1797 fuisse
1308 1724 1409 1821 quod

373 1835 405 1911 111
431 1835 579 1911 Gracia
598 1859 671 1909 non
692 1838 790 1922 effet,
813 1835 876 1910 ubi
895 1836 971 1932 jam
992 1836 1117 1910 saeculo
1138 1836 1279 1911 decimo
1300 1836 1408 1911 libros

374 1951 606 2025 Plutarcbeos
630 1952 676 2025 ad
706 1976 784 2025 eum
807 1977 888 2051 ψ
919 1977 1013 2025 nunc
1039 1951 1089 2025 est
1114 1951 1332 2048 paucitatem
1353 1976 1407 2026 re·

374 2066 493 2141 destos
509 2064 626 2153 suiffe,
651 2067 749 2140 haud
772 2066 916 2143 obscure
939 2066 1147 2164 inelligitur
1168 2092 1214 2139 ex
1236 2066 1407 2163 superiore

377 2180 489 2254 nostra
514 2181 723 2256 seculorum
747 2182 942 2257 notatione.
994 2181 1109 2281 Igitur
1126 2180 1321 2256 existimem
1342 2185 1407 2256 Pe·

379 2297 755 2395 trarcbemdeoeptum
773 2296 871 2371 firiffe
886 2300 942 2371 vel
965 2321 1106 2371 mmore
1129 2295 1213 2371 falso
1235 2320 1274 2370 ac
1298 2287 1406 2372 tredi-

380 2409 481 2499 tione,
510 2413 566 2488 vel
591 2411 710 2510 spurio
734 2412 853 2487 libello
877 2412 1051 2487 fimillimo
1077 2415 1266 2507 Irstitmioni
1289 2412 1337 2487 illi
1360 2415 1410 2487 ad

378 2527 546 2627 Trajaere
570 2553 644 2626 qua
669 2529 812 2603 dudum
837 2546 942 2605 antea
967 2528 1406 2644 sarisberiensisqdeceptiu

377 2640 496 2721 tuerat

730 2763 939 2818 SAECUL.
984 2766 1046 2818 XV.

418 2876 536 2953 Turci
558 2878 731 2976 paulatim
753 2879 1009 2983 invalescentes,
1036 2880 1179 2954 tandem
1203 2865 1403 2954 Constanti·
1542 2914 1547 2923 ·

380 2992 535 3091 nopolim
556 2992 703 3091 capiunt
727 3020 821 3069 anno
843 3021 887 3089 14
889 3018 909 3094 5
915 3021 950 3091 3.
1002 2992 1208 3091 Tempestas
1229 2994 1324 3067 lente
1340 3017 1402 3091 ap·
1490 3075 1494 3080 ,

380 3107 615 3207 propinqtmns
631 3134 695 3182 nec
711 3110 828 3183 subito
843 3107 1013 3194 incidens,
1038 3132 1111 3182 non
1134 3121 1279 3182 tantum
1296 3106 1402 3181 libm·

379 3243 450 3298 rum
467 3223 592 3300 11111111
605 3224 790 3299 interitum
807 3239 984 3322 quantum
1008 3219 1067 3296 illa
1090 3221 1192 3296 initio
1207 3220 1324 3297 seculi
1338 3220 1404 3295 xiii

381 3337 586 3414 l'atinorum
609 3338 750 3413 invaso.
801 3341 1031 3414 Plutarcheue
1057 3352 1152 3413 certe
1174 3336 1263 3412 liber
1285 3340 1403 3412 nullux

381 3466 458 3531 tunc
475 3454 668 3531 intercidit.
686 3542 688 3544 ¹
719 3454 835 3529 Graeci
852 3452 949 3527 docti
966 3452 1126 3527 homines
1141 3467 1178 3526 et
1193 3468 1297 3527 antee
1312 3452 1402 3547 jam,

381 3582 407 3642 et
425 3569 537 3669 magis
554 3568 755 3667 etiampost
770 3587 912 3666 captam
929 3595 950 3641 a
966 3567 1094 3643 Turcis
1108 3570 1248 3654 urbem,
1269 3568 1316 3641 ud
1332 3569 1402 3639 Ve-

381 3699 472 3759 netos
489 3684 524 3759 se
539 3702 579 3759 et
596 3685 633 3759 in
651 3684 789 3758 Italiam
806 3682 979 3780 recipiunt
995 3682 1186 3780 apportatit
1201 3682 1318 3755 secum
1336 3681 1402 3753 bo-

378 3800 426 3874 trie
442 3800 550 3875 libris.
598 3800 758 3874 Fuemnt
777 3798 905 3887 Graeci,
924 3798 987 3896 qui
1005 3800 1051 3872 ed
1067 3796 1310 3893 Antiquomm
1325 3794 1401 3868 lau·

377 3915 454 3991 dem
481 3916 756 3990 contenderent:
794 3913 880 3988 item
907 3912 1042 3998 Latini,
1070 3914 1199 3986 horum
1222 3906 1402 4006 discipline

374 4031 514 4119 eruditi,
529 4046 568 4106 et
585 4032 781 4106 Petrarchae
798 4030 963 4125 exemplo
980 4025 1136 4101 excitati.

416 4140 601 4221 coDEx
629 4145 818 4221 Parisienfis
848 4146 890 4230 Β,
919 4141 1168 4239 bombycinus,
1196 4140 1235 4215 111
1262 4138 1402 4217 Gracia

372 4259 528 4360 scriptus,
554 4261 624 4337 boc
648 4276 713 4335 aut
733 4260 959 4336 antecedente
975 4258 1112 4342 seculo,
1143 4254 1281 4332 eximie
1299 4252 1401 4328 boni

372 4378 465 4465 mie
488 4377 677 4452 continens
696 4375 834 4450 circiter
855 4372 1039 4448 dimidiam
1054 4373 1233 4447 Μοναίἑιια
1245 4383 1286 4442 et
1305 4372 1400 4443 Vita·

369 4517 438 4569 rem
454 4507 593 4592 partem
616 4526 628 4582 3
654 4507 696 4567 ut
709 4490 867 4578 ridetur,
891 4513 936 4563 ex
954 4490 998 4577 E,
1019 4504 1084 4564 eut
1109 4454 1261 4585 ejusdem
1277 4509 1399 4561 exem·
