3642 5492
419 652 572 734 xxviii
703 625 1175 734 PRAEFATIOJ

415 842 456 915 fit
486 842 555 915 hoc
581 840 661 915 loco
685 863 873 938 exponere,
887 855 983 948 ’tum
1009 839 1152 917 uberius
1166 835 1405 941 cognoscetur
1427 839 1456 919 'e'

413 954 556 1031 duobus
574 952 799 1053 sequentibus
818 955 993 1057 capitibus
1018 958 1123 1054 hujus
1149 956 1373 1055 praesationis',
1399 959 1467 1058 εἰ·Ι

413 1078 484 1169 'que
501 1068 670 1167 proximis
688 1067 881 1160 lndicibus,
896 1071 1051 1148 maxime
1065 1099 1110 1147 ex
1129 1071 1452 1151 Emendationibus

413 1184 537 1262 nostris
554 1200 590 1260 et
608 1184 992 1263 Anirnadversronibus.

465 1303 574 1377 Hanc
600 1315 736 1377 tantam
761 1300 934 1378 variarum
953 1301 1152 1378 ·le6tionum
1177 1299 1306 1401 sylvaln
1332 1323 1450 1403 quum

414 1417 637 1493 contulissem
661 1419 706 1493 ad
731 1422 937 1517 exemplum
962 1423 1298 1495 Sraruaurauou
1315 1420 1452 1519 quippe

414 1534 603 1632 vulgatum
619 1549 654 1608 et
671 1533 813 1634 reliquis
836 1535 1005 1633 exemplis
1022 1534 1266 1623 emendatius3
1291 1535 1451 1633 primum

413 1648 561 1748 quidem
579 1647 757 1748 sperabam
784 1671 856 1725 non
883 1676 973 1749 opus
996 1650 1068 1725 sore
1089 1665 1132 1724 ut
1155 1651 1317 1725 eamdem
1341 1650 1451 1726 etiam

414 1789 579 1863 augerem
597 1764 765 1841 varietate
782 1766 942 1840 lefflonis
959 1792 1004 1840 ex
1021 1765 1195 1864 prioribus
1209 1759 1456 1856 Editionibus,

416 1877 549 1955 Aldina
572 1894 609 1954 et
633 1881 888 1970 Basileensrbus,
906 1883 1077 1957 collecta:
1104 1880 1235 1979 postea,
1261 1897 1297 1957 et
1314 1881 1459 1959 facino:

415 1995 505 2070 dum
523 1995 589 2069 effe
606 1993 774 2084 intellexi,
800 2010 836 2071 et
861 1995 940 2071 feci.
991 1991 1180 2084 Videbam,
1207 1996 1244 2071 in
1269 1999 1452 2073 Srerrrn-

366 2163 379 2186 .
416 2137 551 2187 nrnno
573 2113 736 2210 exemplo
751 2113 847 2188 locos
872 2114 1070 2209 complures
1095 2112 1199 2191 ineffe
1223 2111 1454 2210 probabiliter

414 2230 469 2301 vel
495 2229 669 2303 corredtos
694 2230 751 2301 vel
774 2229 946 2325 expletos,
975 2225 1038 2325 qui
1063 2223 1258 2325 inscriptis
1283 2225 1451 2300 omnibus

415 2342 513 2416 libris
540 2344 596 2417 vel
625 2343 779 2417 mendosi
807 2344 863 2416 vel
888 2345 1039 2416 lacunosr
1068 2339 1250 2415 exstarent.
1302 2343 1451 2415 Horum

415 2459 577 2532 locorum
594 2456 819 2544 medicinam,
845 2474 969 2531 utrum
986 2481 1030 2530 ex
1049 2456 1220 2555 prioribus
1237 2454 1452 2530 editionibus

415 2572 625 2672 repetivisset
641 2575 896 2659 strennuus,
920 2596 966 2645 an
982 2570 1135 2661 aliunde,
1160 2573 1214 2646 vel
1231 2595 1251 2643 e
1267 2569 1451 2645 codicibus

417 2686 563 2785 scriptis,
580 2689 670 2762 vele
687 2686 888 2783 conjectura
904 2686 1068 2775 duxisset,
1087 2713 1158 2761 non
1175 2686 1343 2786 negligere
1360 2698 1396 2759 et
1414 2683 1452 2760 in

416 2802 536 2879 medio
561 2802 753 2903 relinquere
777 2803 978 2902 debebam3
1009 2806 1031 2878 fi
1060 2801 1205 2902 quidem
1236 2815 1451 2878 contextum

419 2919 584 2996 Austoris
606 2935 641 2995 et
664 2917 870 3017 scripturam
894 2935 989 2993 certa
1011 2916 1145 2993 ratione
1167 2917 1388 3004 constituere,
1415 2933 1452 2992 et

418 3038 540 3111 locum
557 3025 739 3135 quemque
751 3035 811 3108 sua
826 3033 1034 3108 austoritate
1053 3033 1187 3109 censere
1204 3034 1341 3107 vellem.
1377 3033 1453 3105 De-

417 3152 499 3226 inde
516 3153 594 3251 quis
612 3154 780 3236 affirmare
796 3153 952 3237 auderet,
979 3153 1093 3225 nullos
1114 3148 1260 3224 omnino
1276 3152 1371 3223 locos
1388 3173 1452 3223 ex·
1475 3140 1478 3148 ’

418 3268 504 3341 stare
522 3268 680 3342 meliores
698 3268 735 3341 in
751 3266 924 3366 prioribus
938 3265 1161 3361 Editionibus
1174 3291 1283 3363 quam
1301 3263 1337 3337 in
1355 3265 1452 3337 8η-

420 3407 659 3472 enarrans,
689 3381 776 3457 nihil
801 3382 953 3480 amplius
979 3381 1014 3456 in
1035 3384 1123 3455 hanc
1146 3407 1191 3453 ex
1215 3379 1279 3454 illis
1302 3377 1453 3454 derivari

416 3501 514 3597 posse
528 3499 807 3574 emendationis:
835 3499 935 3597 quod
953 3515 1073 3573 contra
1096 3495 1203 3570 etiam
1227 3497 1307 3582 esse,
1332 3496 1389 3568 vel
1415 3493 1462 3569 in.

418 3616 536 3692 libello
561 3620 601 3693 de
626 3621 705 3691 Sera
731 3619 879 3691 Numinis
901 3616 1047 3689 lsindim
1074 3613 1275 3687 didiceram.
1330 3615 1453 3699 Porr0,

420 3735 585 3809 credibile
602 3749 689 3821 erat,
714 3730 751 3806 in
767 3731 939 3830 prioribus
957 3727 1183 3804 Editionibus
1201 3730 1308 3815 locos,
1324 3751 1455 3825 quarn·

420 3849 472 3922 vis
490 3866 686 3949 corruptos,
713 3863 833 3923 tamen
846 3843 998 3945 'vestigia
1015 3845 1145 3918 servare
1163 3844 1250 3917 sana
1268 3840 1455 3930 lestioni55

420 3991 510 4065 quos
539 3968 632 4039 locos
659 3969 898 4041 Srerrrnuus
931 3985 949 4034 e
980 3960 1184 4057 conjedtura
1208 3959 1264 4031 vel
1293 3957 1365 4045 sua,
1392 3959 1450 4031 vel

420 4082 582 4166 aliorum,
608 4077 658 4152 ita
674 4079 848 4165 mutasset,
874 4092 916 4152 ut
934 4092 969 4150 et
988 4102 1008 4150 a
1023 4101 1106 4150 vero
1122 4076 1308 4160 aberraret,
1325 4089 1361 4145 et
1379 4069 1457 4146 ves·

420 4193 507 4294 tigia
522 4219 611 4268 verae
629 4190 785 4266 lectionis
803 4190 1015 4276 obliteraret,
1041 4206 1076 4264 et
1101 4197 1222 4262 tamen
1238 4179 1371 4286 aliquid
1389 4185 1455 4259 da·

421 4326 473 4383 ret
490 4336 564 4407 quo
579 4311 731 4408 legentes
748 4306 906 4381 contenti
932 4308 1039 4379 essent
1062 4329 1124 4377 nec
1149 4304 1193 4375 de
1217 4300 1306 4375 vitio
1323 4298 1454 4398 spuria-

421 4451 490 4522 que
509 4425 656 4498 lestione
674 4421 935 4521 suspicarentur.
975 4422 1086 4521 Qrotl
1102 4419 1140 4493 in
1151 4419 1340 4493 litoralibus
1358 4415 1456 4489 nulla

422 4566 494 4617 non
510 4540 641 4640 pagina
655 4537 805 4630 accidit,
831 4552 923 4614 certe
941 4552 1030 4634 quot
1047 4537 1127 4611 sunt
1142 4532 1291 4634 poginae‘,
1308 4546 1364 4607 tot
1382 4529 1455 4604 sere
