3642 5492
375 582 458 661 c'viii
660 580 1122 662 PRAEFATIO.

331 812 334 818 ·
374 770 510 856 octava,
543 766 713 844 tredecim
743 766 1009 844 voluminibus-2
1052 795 1206 868 quorum
1234 770 1293 845 sex
1325 763 1408 848 sunt

375 888 513 973 Graect,
546 899 588 960 ut
614 884 789 982 prioribus
816 886 929 960 tribus
959 885 1209 960 contineantur
1241 887 1410 972 Moralia,

373 1000 619 1099 posterioribus
640 1001 723 1077 Vita
738 1034 749 1076 .-
775 1001 909 1100 septem
926 1002 1060 1100 reliqua
1076 1002 1155 1078 sunt
1173 1001 1313 1090 Latina,
1342 1002 1412 1079 tria

374 1119 565 1206 Moralium,
594 1134 752 1217 quatuor
782 1123 952 1208 Vitarum3
979 1147 1061 1195 nam
1086 1135 1214 1217 quarto
1239 1117 1409 1214 involu-

373 1228 469 1305 mine
487 1231 567 1307 lunt
585 1236 669 1308 Vita
685 1234 730 1307 ab
746 1233 820 1307 aliis
838 1234 967 1309 Latine
991 1234 1137 1332 scripta,
1164 1237 1359 1309 Hannibalis
1371 1248 1409 1308 et

374 1349 524 1443 Scipionis
552 1372 573 1421 a
599 1350 775 1424 Dounro
807 1356 1061 1443 Accrnronm
1091 1367 1170 1425 tum
1192 1378 1215 1424 a
1241 1350 1411 1426 Cornelio

373 1462 517 1558 Nepote
542 1488 622 1560 quae
649 1463 841 1561 supersunt,
868 1464 1021 1562 denique
1043 1467 1128 1556 Jntii
1142 1470 1300 1565 Agricola
1322 1491 1410 1540 auc·

371 1588 448 1650 tore
466 1577 608 1655 Tacito.
659 1582 844 1656 Accedunt
862 1580 899 1654 in
916 1582 1043 1654 eodem
1067 1580 1249 1668 volumine
1266 1581 1342 1655 duo
1364 1579 1408 1654 li·

373 1690 456 1765 belli
473 1692 827 1770 Animadverfionum
852 1696 897 1768 ad
922 1699 1037 1784 Vnam
1062 1693 1157 1792 prior
1173 1697 1404 1772 Xrununnr

372 1824 410 1883 ct
442 1809 648 1884 Cnusnnrr
687 1805 724 1882 in
755 1835 864 1883 unam
899 1808 1019 1883 seriem
1053 1809 1326 1906 conjunctarum
1348 1813 1409 1886 ad

372 1946 553 2022 quemque
572 1923 748 1999 Plutarchi
764 1926 885 1998 locum
901 1956 913 2013 3
938 1925 1038 2012 alter,
1057 1927 1285 2024 Srerrrnur.
1337 1925 1411 2000 Sed

372 2037 420 2112 de
443 2038 627 2111 Moralibus
651 2036 709 2112 hic
732 2037 952 2138 peculiariter
974 2037 1179 2114 dicendum.
1230 2039 1300 2114 His
1315 2064 1410 2138 prae·

373 2151 531 2227 mittitur
555 2152 714 2252 praefatio
738 2152 849 2228 totius
873 2152 1063 2242 editionis;
1087 2170 1123 2228 at
1145 2153 1196 2228 nil
1217 2153 1349 2228 dicitur
1363 2154 1412 2230 de

372 2270 445 2363 ejus
465 2268 606 2344 consilio
631 2284 667 2344 et
692 2266 847 2344 subfidiis
872 2268 1054 2343 libromm.
1105 2269 1206 2344 Ordo
1226 2269 1410 2343 Maralriare

370 2382 574 2457 libellorum
600 2408 711 2458 novus
736 2383 787 2458 est
806 2409 847 2456 ac
872 2382 1024 2457 diversus
1040 2384 1086 2456 ab
1107 2383 1240 2460 Aldino
1255 2407 1295 2458 ac
1314 2386 1409 2460 Basr-

368 2500 498 2574 lcensr:
523 2496 610 2571 alius
626 2497 733 2573 etiarn
757 2496 794 2572 in
811 2497 974 2573 Latinis:
1003 2513 1127 2572 neuter
1147 2514 1245 2573 certo
1263 2497 1407 2594 judicio

372 2614 497 2701 sallus,
518 2612 577 2688 sed
592 2641 611 2687 e
629 2629 787 2711 ternpore
804 2630 918 2702 natus,
945 2630 987 2689 ut
1005 2619 1260 2702 Srurrrnuur,
1285 2612 1411 2714 prouti

371 2726 540 2825 cujusque
567 2725 673 2802 libelli
701 2727 985 2803 emendationem
1012 2728 1220 2816 absolviffet,
1249 2727 1299 2803 ita
1322 2755 1410 2805 eum

371 2844 628 2941 chalcographo
656 2844 906 2918 excudendum
936 2845 1046 2919 daret.
1099 2846 1206 2918 Galba
1233 2861 1269 2920 et
1306 2847 1410 2934 otho,

309 2957 319 2969 “
372 2957 452 3032 licet
473 2957 549 3051 jam
564 2982 586 3031 a
603 2958 836 3034 Xrnnuono
855 2957 892 3032 in
913 2957 1043 3033 Latina
1057 2957 1343 3058 interpretatione
1359 2963 1408 3036 ad

372 3077 467 3146 Vitas
483 3071 594 3161 relati,
619 3071 656 3148 in
676 3076 861 3167 Moralibus
885 3074 993 3148 relicti
1011 3074 1102 3149 sunt.
1156 3079 1325 3151 Graecum
1350 3102 1408 3150 or·

370 3188 506 3276 dinem,
529 3190 608 3265 licet
635 3193 733 3266 nullo
753 3189 890 3288 judicio
915 3190 1061 3277 fanum,
1088 3217 1150 3264 nos
1178 3207 1298 3267 tamen
1319 3218 1407 3268 cum

367 3300 505 3398 judicio
518 3301 625 3376 secuti
643 3303 772 3378 sumus.
806 3303 945 3378 Latinae
964 3304 1269 3402 Interpretationes
1283 3328 1408 3404 paucae

374 3415 455 3490 sunt
488 3419 743 3492 ernunru:
776 3421 950 3516 pleraeque
978 3418 1136 3518 priorum
1159 3420 1410 3518 interpretum,

372 3557 459 3630 quas
493 3532 581 3609 infra
614 3535 889 3610 memorabimus
923 3535 958 3609 in
992 3539 1100 3610 lndr’ce
1122 3538 1333 3636 substdioruar
1361 3539 1413 3610 ad

373 3653 761 3752 unanzqaanquelibellam
778 3653 900 3724 anobis
918 3651 1138 3725 adhibitorum.
1166 3654 1208 3725 In
1226 3653 1295 3724 tine
1313 3650 1411 3728 tertii

372 3767 561 3842 voluminis
578 3767 697 3844 Latini
712 3767 762 3842 est
779 3769 891 3842 Index
908 3769 1044 3840 Rerum
1061 3784 1096 3840 et
1125 3765 1330 3842 Hominum
1347 3793 1410 3842 ac·

372 3882 619 3956 commodatus
642 3883 687 3956 ad
709 3906 873 3956 numeros
895 3877 1103 3979 paginarum
1127 3880 1266 3955 Latinae
1280 3883 1410 3984 ‘luter-

370 3995 588 4093 pretationis.
640 3997 753 4074 Indici
777 3994 1010 4093 subjiciuntur
1034 3997 1293 4073 Annotationes
1310 4001 1409 4076 Sru·

376 4134 505 4185 ruaur
525 4111 687 4210 apagina
705 4140 788 4215 137,
810 4116 855 4189 ad
873 4141 914 4188 21
922 4139 943 4214 5
959 4116 1004 4189 ad
1021 4116 1207 4188 nonnullos
1224 4101 1412 4194 Moralium

372 4225 502 4301 libros:
541 4226 677 4302 illarum
706 4255 778 4303 non
809 4230 870 4304 nisi
899 4229 1131 4328 quadraginta
1162 4229 1233 4304 fere
1265 4230 1409 4330 paginae

373 4341 532 4416 constant
559 4342 741 4418 notatione
769 4343 1079 4417 emendationum:
1121 4345 1263 4442 reliquae
1288 4345 1410 4419 conti·

377 4477 505 4534 nentur
522 4460 871 4560 Interpretationibus
896 4459 1033 4536 Latinis
1050 4462 1289 4562 quorumdam
1305 4458 1412 4535 libel·
