3642 5492
359 593 421 707 'a
678 616 1141 711 rnAErnrro

392 816 443 890 ais
459 819 528 891 hoc
546 816 666 891 scdulo
683 816 814 915 agenti,
832 815 952 891 omnia
968 815 1136 892 instrutia
1153 819 1219 892 effe
1236 819 1281 895 ad
1299 803 1430 897 editio*

392 947 474 1005 nem
492 946 614 1031 quaet
640 930 758 1030 peritis
776 946 811 1004 et
829 931 899 1028 ipse
916 932 1003 1006 milri
1020 931 1261 1024 satisfacerem,
1285 936 1430 1012 difficile

389 1067 463 1123 erat
478 1053 568 1124 hanc
585 1047 754 1146 plerisque
770 1049 1033 1124 circulationem
1051 1054 1209 1148 probare.¹
1262 1055 1373 1130 Erant
1390 1072 1428 1130 et

259 1234 261 1252 ,
389 1162 532 1259 publice
559 1178 594 1235 et
618 1162 797 1261 privatim,
820 1162 882 1261 qui
905 1163 1016 1237 festivi
1043 1167 1109 1238 ess'e
1132 1166 1275 1255 ¹vellent,
1300 1184 1336 1244 et
1362 1170 1428 1245 has

389 1295 533 1351 aeternas
551 1302 664 1349 moras
681 1275 831 1350 dideriis
850 1292 1035 1373 peterent:
1063 1302 1152 1377 quos
1173 1280 1354 1381 equidem,
1379 1299 1424 1359 ut

388 1395 434 1466 ab
458 1410 620 1468 accurata
635 1392 794 1466 doctrina
812 1395 915 1468 rudes
932 1411 967 1468 et
986 1420 1145 1470 mearum
1171 1396 1351 1472 rationum
1370 1398 1425 1498 iga

388 1534 502 1597 natos,
519 1512 802 1584 contemnebam.
854 1514 963 1585 Erant
983 1511 1120 1587 boniet
1138 1512 1236 1588 noui
1253 1514 1330 1602 riri,
1358 1516 1424 1614 qui

388 1653 445 1698 me
463 1628 686 1725 hortarentur
706 1642 748 1701 ut
772 1653 813 1700 ea
834 1626 955 1702 saltem
971 1630 1090 1702 darem
1108 1655 1189 1727 quae
1208 1628 1285 1724 jam
1302 1645 1424 1727 parata

387 1744 564 1829 haberem,
589 1742 720 1840 reliqua
738 1742 807 1817 alio
829 1758 988 1843 tempore
1009 1745 1045 1820 in
1063 1750 1171 1823 altera
1188 1745 1342 1820 editione
1360 1750 1424 1821 ad*

385 1859 518 1933 derem.
570 1860 728 1932 Alteram
750 1885 846 1947 vero,
875 1860 1035 1958 inquam,
1058 1859 1252 1934 editionem
1281 1864 1425 1935 Plutar2

386 1972 466 2046 chi!
497 1974 618 2047 Valeat
638 1970 700 2045 ista
719 1972 858 2045 iteratio
883 1972 972 2047 forte
993 1973 1146 2071 parvulis
1173 1973 1209 2047 in
1233 1971 1354 2048 libris:
1385 1973 1421 2048 in

384 2093 575 2165 Plutarcho
592 2089 738 2187 quidem
754 2092 866 2163 valere
881 2117 952 2164 non
969 2091 1110 2187 potest:
1138 2105 1231 2167 certe
1249 2092 1294 2164 de
1311 2092 1422 2166 altera

379 2209 454 2303 jam
477 2207 631 2280 editione
653 2205 806 2306 cogitare
829 2209 918 2281 dum
943 2208 1095 2307 primam
1112 2210 1229 2283 adhuc
1255 2208 1421 2297 moliaris,-

384 2341 419 2397 et
437 2324 598 2398 vanitatis
616 2328 655 2397 tit
671 2324 838 2411 ridiculae,
861 2341 895 2398 et
915 2325 1015 2398 malae
1033 2323 1128 2397 fidei.

432 2441 657 2513 Accedebant
686 2441 859 2538 graviores
888 2437 1051 2513 mutandi
1069 2438 1215 2540 'consilii
1250 2437 1418 2527 rationes,-

380 2580 461 2652 quae
479 2575 537 2627 me
553 2555 597 2627 de
609 2552 691 2627 vitae
706 2556 870 2627 humana
887 2554 1058 2628 brevitate
1074 2572 1108 2627 et
1127 2552 1259 2629 incerta
1276 2553 1334 2650 spe
1351 2556 1416 2626 ad·

381 2675 532 2747 modum
560 2663 745 2745 efficaciter
769 2684 966 2757 monerent,
989 2695 1143 2767 eumque
1169 2668 1255 2743 mihi
1278 2669 1417 2743 incute·

379 2806 456 2862 rent
481 2802 632 2875 metum,
660 2812 717 2872 ne,
743 2787 833 2859 dum
855 2811 946 2881 opus
970 2786 1069 2859 simul
1094 2800 1213 2858 totum
1239 2798 1416 2882 urgerem,

381 2906 430 2979 ita
447 2932 503 2979 me
519 2930 613 2979 mors
629 2917 829 3001 occuparet,
846 2919 888 2974 ut
905 2903 1001 2974 nulla
1013 2927 1091 2997 pars
1103 2900 1274 2987 absoluta,
1293 2926 1418 2975 omnes

380 3026 513 3097 affeuae
534 3036 569 3097 et
592 3021 764 3096 inchoatae
789 3020 911 3105 ellent,
939 3044 1026 3116 quas
1044 3043 1149 3091 nemo
1167 3020 1212 3091 ad
1227 3018 1419 3116 probabilis

378 3137 541 3212 editionis
575 3136 725 3208 modum
760 3131 919 3231 colligere
961 3148 997 3207 et
1039 3158 1250 3231 componere
1288 3135 1415 3231 pollet.

376 3260 496 3354 Qare
513 3274 603 3348 opus
621 3252 687 3323 hoc
705 3272 826 3322 meum
842 3248 879 3321 in
896 3249 983 3321 duas
999 3248 1159 3323 distribui
1177 3264 1292 3346 partes
1310 3249 1412 3323 dein-

375 3397 456 3468 ceps
473 3370 718 3442 absolvendas:
746 3367 857 3463 prima
881 3365 932 3439 est
954 3392 994 3439 ea
1016 3392 1096 3463 quae
1122 3392 1218 3440 nune
1236 3367 1313 3462 jam
1338 3383 1414 3441 trae

263 3479 275 3496 ”
374 3484 451 3557 dita
467 3485 707 3557 Darrearrs
723 3482 1038 3554 Trroonnrnnn
1054 3480 1328 3566 Oxourausrs,
1347 3480 1411 3554 Vi-

375 3603 419 3677 ris
446 3599 654 3685 illustribuS,
681 3599 832 3672 Moralia
850 3600 975 3670 Graece
992 3611 1027 3669 et
1045 3595 1187 3682 Latine,
1211 3596 1415 3685 emendata,

373 3720 495 3792 addita
511 3716 608 3791 brevi
626 3713 929 3789 Emendationum
947 3711 1143 3800 notatione,
1169 3712 1328 3810 quinque
1347 3739 1412 3788 vo⁴

372 3834 567 3910 luminibus
583 3835 861 3932 complectetur3
887 3831 1007 3917 altera,
1020 3828 1345 3903 Animadversiones
1363 3833 1411 3928 ad

373 3977 490 4027 rerum
506 3952 766 4047 verborumque
784 3946 1110 4045 interpretationem
1127 3962 1358 4044 comparatas,
1374 3958 1412 4022 et

372 4067 520 4154 Indices,
547 4064 769 4163 paucioribus
793 4080 887 4137 certe
916 4059 1169 4147 voluminibus,
1193 4058 1407 4135 continebit.¹

370 4183 494 4279 Hujus
526 4180 709 4256 materiam
741 4182 882 4256 dudum
911 4178 1113 4279 congestam
1145 4180 1168 4251 sr
1196 4176 1313 4252 fatum
1341 4191 1405 4251 aut

370 4297 479 4398 digeri
495 4323 516 4371 a
533 4322 602 4383 me,
629 4311 691 4370 aut
708 4296 753 4368 ab
771 4295 838 4370 alio
855 4319 1040 4395 quoquam
1058 4292 1095 4366 in
1111 4294 1228 4367 lucem
1244 4288 1409 4389 proferri,-

368 4439 441 4487 non
458 4416 542 4486 finat
555 4444 567 4499 3
579 4436 581 4439 ·
592 4436 681 4510 opus
700 4425 819 4484 tamen
836 4411 977 4484 meliore
994 4407 1046 4484 sui
1065 4422 1163 4508 parte
1184 4408 1320 4484 salvum·
1336 4407 1400 4494 est,

369 4530 406 4603 id
423 4528 473 4605 est
488 4554 528 4605 ea
544 4554 624 4629 quae
640 4529 686 4606 ad
703 4527 821 4634 ipfius⁴
831 4526 998 4607 Auctoris
1022 4552 1171 4606 manum
1194 4542 1231 4607 et
1254 4524 1408 4629 scriptw
