3642 5492
473 638 535 714 xvi
757 641 1221 724 PRAEFATIO.

470 822 548 896 sotis
576 822 748 924 superque
772 829 839 900 elle
863 829 1075 906 videbantur
1098 831 1246 906 editioni
1267 831 1513 912 universorum

468 963 645 1035 operum3
671 944 776 1016 auda
800 943 991 1040 praescrtim
1014 948 1192 1046 progressu
1216 948 1343 1036 aetatis,
1369 962 1414 1025 ut
1434 950 1513 1050 spe·

468 1053 603 1141 tabam,
619 1054 787 1131 facultate
805 1084 895 1133 mea.
949 1065 999 1136 At
1024 1087 1107 1137 vero
1130 1061 1166 1135 in
1189 1061 1254 1136 isto
1275 1063 1515 1143 subductione

467 1181 537 1241 tres
560 1195 631 1258 me,
654 1168 749 1271 iique
771 1199 903 1270 graves,
930 1176 1086 1250 latebant
1104 1201 1248 1252 errores.
1298 1179 1454 1268 Primus,
1473 1179 1512 1254 in

468 1309 619 1358 numero
640 1286 873 1387 paginarum:
902 1317 984 1389 quae
1009 1279 1089 1365 sunt
1115 1289 1207 1365 illius
1231 1290 1340 1367 libelli
1362 1293 1511 1383 vioenae,

466 1400 707 1476 universorum
725 1428 872 1501 operum
888 1404 941 1480 bis
959 1403 1053 1479 mille
1078 1421 1113 1479 et
1138 1407 1243 1480 ultra.
1296 1409 1381 1482 Erat
1401 1407 1513 1508 igitur

464 1537 622 1603 enorme,
651 1518 705 1591 bis
732 1517 828 1592 mille
855 1518 990 1619 paginis
1011 1545 1121 1594 annos
1138 1520 1219 1594 dare
1235 1521 1372 1609 decem,
1390 1547 1510 1621 quum

466 1648 623 1727 quatuor
641 1632 716 1708 dati
740 1635 847 1709 effent
865 1633 1009 1710 vicenis.¹
1058 1636 1159 1710 Alter
1180 1635 1249 1710 fuit
1273 1661 1381 1724 error,
1407 1640 1511 1737 quod

466 1771 541 1820 non
567 1747 889 1824 animadvertebam
923 1749 1105 1848 uttiusque
1131 1750 1300 1848 temporis
1328 1750 1511 1828 divertu-

467 1877 556 1939 tem.
607 1863 893 1965 Qadriennium
920 1864 1009 1941 mihi
1034 1864 1147 1939 suerat
1173 1865 1331 1941 liberum
1356 1880 1393 1941 et
1414 1865 1511 1943 inte·

465 2003 572 2078 grum
587 1981 634 2055 ab
650 1979 750 2055 omni
765 1980 949 2056 necessario
966 1979 1123 2080 negotio,
1136 1979 1281 2079 sequens
1292 2005 1401 2055 omne
1413 1995 1510 2057 tem·

465 2121 535 2193 pus
557 2095 626 2171 fuit
650 2112 867 2196 occupatum
890 2096 1167 2193 distraetumque
1190 2095 1404 2198 quotidiano
1424 2115 1510 2172 mu·

465 2212 555 2286 neris
580 2214 710 2288 labore.
762 2212 907 2289 Tertius
930 2238 1023 2286 error
1040 2211 1238 2316 versabatur
1261 2210 1298 2284 in
1322 2235 1379 2299 eo,
1405 2214 1508 2310 quod

464 2354 540 2402 non
566 2329 796 2403 attendebam
818 2329 863 2400 ad
886 2327 1057 2401 rationem
1087 2325 1276 2425 colligendi
1301 2339 1507 2424 apparatus,

463 2469 548 2541 quae
565 2444 603 2518 in
626 2442 866 2516 universorum
891 2467 1042 2540 operum
1058 2440 1212 2516 editione
1229 2439 1378 2516 infinitis
1395 2441 1508 2539 perti·

464 2560 534 2633 bus
550 2555 723 2632 difficilior
738 2572 774 2632 et
789 2556 991 2631 laboriosor
1011 2556 1131 2634 futura
1152 2575 1225 2631 erat
1249 2577 1360 2654 quam
1375 2555 1413 2630 in
1429 2555 1507 2632 odi·

464 2674 562 2749 tione
583 2672 720 2771 parvuli
744 2672 865 2748 libelli.
915 2673 1027 2773 Qrod
1051 2674 1155 2771 quale
1177 2683 1427 2771 quantumque
1445 2676 1508 2760 fit,

464 2815 580 2889 operae
598 2789 754 2888 pretium
769 2788 819 2863 cst
836 2811 1024 2887 exponere.

515 2911 602 2983 Duo
620 2906 700 2983 sunt
717 2906 803 2982 boni
827 2904 969 2980 editoris
992 2903 1118 2992 offic-ia,
1138 2905 1326 2979 Emendatio
1343 2917 1385 2978 et·
1398 2907 1506 2980 Inten-

461 3028 627 3126 pretotio:
651 3026 726 3098 duo
743 3022 830 3097 item
846 3020 1030 3119 utriusque
1049 3021 1139 3093 bene
1155 3019 1298 3118 gerendi
1319 3019 1426 3095 officii
1450 3021 1506 3098 in'·

464 3142 673 3228 strumenta,
705 3143 904 3237 Comparatio
933 3149 1078 3211 vetorum
1106 3137 1245 3209 codicum
1270 3145 1307 3209 et
1336 3137 1508 3213 Doelrrilae

467 3261 580 3355 topia:
606 3255 664 3330 illa
687 3257 734 3330 ad
757 3257 1015 3331 Emendationom
1038 3251 1184 3326 refertur
1197 3277 1210 3326 z·
1229 3252 1309 3326 baec
1332 3252 1377 3325 ad
1398 3255 1505 3328 lum

461 3377 683 3473 pretationem,
718 3370 767 3445 ita
796 3370 955 3469 quidem,
988 3383 1030 3442 ut
1061 3366 1132 3465 ipsa
1159 3389 1305 3464 quoque
1337 3383 1506 3466 magnam

465 3489 733 3566 Emendationis¹
750 3507 886 3586 partem
903 3487 1172 3582 complettatur.
1215 3486 1313 3559 Nam
1329 3507 1414 3558 cum
1429 3485 1506 3582 ipsa

463 3633 526 3707 per
551 3607 581 3680 se
601 3605 762 3680 dodrina
784 3605 871 3700 saepe
897 3600 1153 3680 correctionem
1167 3600 1378 3674 mendorum
1394 3598 1503 3696 patto,

465 3745 546 3798 tum
576 3724 626 3797 est
653 3725 776 3796 eadem
797 3721 910 3816 judex
941 3725 982 3791 a'c
1008 3715 1232 3816 disceptatrix
1257 3714 1454 3789 lectionum
1479 3727 1504 3789 'c

463 3838 647 3913 codicibus
665 3840 944 3937 depromtarum,
962 3858 1115 3933 quarum
1128 3834 1245 3907 nullus
1261 3829 1311 3904 est
1326 3828 1422 3921 usus3
1435 3830 1503 3905 'nib

464 3983 522 4029 eas
541 3955 701 4028 dodrina
718 3953 886 4050 dijudicet
904 3975 945 4024 ac
961 3951 1098 4047 probet.
1142 3951 1237 4044 Jam,
1255 3949 1278 4019 fi
1295 3959 1422 4021 verbm
1436 3974 1502 4022 vo·

463 4077 597 4156 lumus‚
617 4069 654 4142 in
666 4072 763 4143 bono
776 4070 964 4167 interprete
981 4080 1080 4139 tanta
1092 4063 1196 4137 inesse
1211 4064 1331 4150 debet,
1347 4071 1410 4137 out
1427 4047 1503 4138 libb

467 4190 585 4263 multo
616 4183 746 4272 minor,
775 4183 946 4270 doctrina,
975 4193 1110 4280 quanta
1137 4177 1224 4253 inest
1253 4179 1291 4252 in
1316 4178 1500 4253 Auctore:

468 4317 560 4378 certe
584 4303 629 4375 ad
653 4325 736 4375 eum
760 4302 923 4386 modum,
947 4312 989 4370 ut
1012 4298 1108 4370 locos
1131 4296 1295 4368 obscuros
1316 4295 1361 4366 od
1383 4296 1500 4393 le'gen'·

465 4419 559 4494 tium
580 4417 798 4491 intellectum
816 4414 982 4490 illustrare
998 4414 1115 4509 poffit.
1159 4413 1246 4485 Hoc
1262 4408 1426 4483 officium·
1437 4423 1500 4507 ap·

458 4550 561 4637 ,paret
581 4557 689 4631 quam
714 4534 784 4608 late
808 4545 927 4638 pateat
949 4529 994 4603 ad
1018 4525 1343 4627 interpretationem
1360 4527 1501 4602 Pluton-
