3642 5492
490 695 587 773 nn
662 811 672 822 ·
770 697 1232 785 ennnnrro

490 883 576 954 chus
611 900 840 962 numeratur:
886 891 982 988 apud
1023 893 1384 970 Monrrnuconnn
1425 891 1515 971 Bibl.

491 996 634 1072 Coillin.
665 1024 701 1096 p.
729 995 816 1100 41'3,
846 1031 948 1099 414:
988 1006 1128 1084 videtur
1157 1008 1348 1105 compilata
1375 1011 1444 1083 else
1476 1033 1521 1083 ex

491 1111 657 1187 Maximo
681 1131 716 1188 et
741 1118 902 1193 Antonio
914 1150 927 1206 3
956 1145 1039 1195 nam
1061 1147 1127 1222 ego
1148 1121 1279 1199 librum
1308 1123 1423 1222 ipsum
1449 1151 1520 1199 non

491 1228 611 1303 habui.
661 1230 829 1306 Proxima
851 1234 1018 1333 opuscula
1034 1237 1105 1336 ipse
1122 1239 1246 1314 habeo.
1285 1244 1520 1338 Ἀπομνημονεό·

490 1377 580 1438 ματα
597 1350 627 1417 ἔκ
644 1350 782 1448 διαφὸρων
798 1354 927 1429 ποιητῶν
943 1386 976 1424 τε
992 1353 1042 1425 καὶ
1061 1358 1192 1455 ῥητόρων,
1218 1357 1250 1427 ite
1267 1387 1298 1428 τε
1315 1357 1370 1428 niv
1387 1355 1519 1446 &ripa-ite

491 1458 542 1528 noi
561 1460 613 1538 vie
630 1464 704 1534 καθ’
716 1465 797 1557 eisaie
816 1467 893 1566 ἶεςᾶἶς
909 1472 1033 1556 φιλοθέε
1050 1470 1190 1551 παιδείας
1212 1473 1302 1550 {nicer
1325 1471 1382 1542 τὸν
1397 1501 1520 1570 προκα-

490 1579 576 1668 sciron
601 1578 761 1651 ὕποθέσεων
787 1580 890 1660 citerior
916 1583 967 1654 teni
994 1585 1179 1686 α’ςμοζόντως
1204 1587 1329 1682 ἴχκσατ
1360 1581 1520 1657 continet

490 1687 625 1787 aliquot
644 1691 823 1768 Plutarchi
838 1697 955 1769 locos:
984 1699 1239 1786 Gronovius,
1255 1723 1300 1772 ex
1317 1697 1417 1794 cujus
1435 1721 1518 1772 auce

491 1802 587 1876 tione
612 1806 695 1894 erni,
719 1806 892 1907 deleripfit
915 1835 960 1884 ex
981 1812 1102 1885 codice
1124 1815 1281 1912 quodam
1302 1813 1519 1888 Florentino.

491 1924 610 2016 Γνῶμαι
641 1927 751 2013 tonale,
781 1922 817 1997 in
846 1924 1063 2002 Bibliotheca
1091 1928 1291 2004 Academiae
1321 1929 1520 2028 Lugdune-

491 2033 642 2125 Batavae‚
668 2035 747 2112 sunt
760 2055 817 2115 'ex
842 2037 967 2116 eodem
985 2069 1122 2143 genere.
1200 2043 1295 2119 Cento
1312 2046 1519 2131 Florentius,

491 2157 541 2232 est
563 2154 783 2233 oratiuncula
804 2159 848 2232 de
874 2159 983 2259 Regis
1007 2159 1136 2246 officio,
1164 2158 1354 2258 compilata
1374 2185 1420 2233 ex
1437 2159 1521 2233 Plu·

490 2274 600 2350 tarchi
613 2274 933 2376 Apopbthegmotibus
950 2275 1091 2374 aliisque
1109 2301 1192 2350 cunr
1209 2275 1325 2373 ipsrus,
1342 2291 1425 2350 tum
1436 2273 1517 2349 alio-

493 2417 571 2465 rum
588 2389 720 2487 scriptis
736 2390 844 2464 etiam
863 2390 1141 2465 Christianorum
1159 2421 1167 2463 :
1195 2390 1307 2464 exstat
1327 2388 1365 2465 in
1389 2387 1519 2464 Biblio-

493 2508 594 2580 theca
611 2505 788 2593 Medicea‚
815 2506 936 2602 pluteo
958 2532 1016 2605 70,
1041 2531 1187 2580 numero
1210 2532 1252 2580 1:
1280 2506 1522 2604 apographum

493 2623 605 2695 habeo
637 2625 965 2696 Gnonovtrnorn.
1020 2623 1109 2696 Aliae
1142 2621 1294 2718 ejusdem
1322 2620 1457 2720 generis
1485 2635 1521 2694 et

494 2736 647 2812 materiae
672 2737 836 2812 videntur
862 2737 960 2810 fuillc
987 2736 1251 2834 scriptiunculae.
1304 2734 1523 2832 Hujusmodi

494 2869 585 2929 certe
603 2853 653 2929 est
670 2854 739 2942 illa,
765 2879 873 2951 quam
892 2856 1070 2952 Johannes
1094 2853 1338 2928 Sarilberiensrs
1357 2835 1521 2950 frequen·

494 2989 548 3047 ter
565 2974 682 3046 laudat
700 2986 735 3046 et
752 2971 940 3070 exscriptos
956 2998 1001 3044 ex
1025 2997 1065 3043 ea
1082 2974 1175 3045 locos
1192 2970 1336 3069 profert,
1355 2971 1527 3045 Plutarchi

502 3092 648 3182 Itylr‘trrtio
664 3090 712 3160 ad
728 3089 897 3188 Trry'annm
923 3090 1103 3186 Caesarem:
1129 3088 1172 3160 de
1198 3113 1269 3185 qua
1285 3110 1381 3160 nunc
1406 3086 1525 3160 dicen-

496 3207 596 3277 dum.

547 3320 642 3392 Nam
660 3336 700 3392 ut
718 3344 792 3392 rara
808 3337 879 3392 erat
897 3345 938 3392 ac
956 3319 1070 3390 tenuis
1092 3319 1186 3415 apud
1207 3321 1348 3393 Graecos
1364 3331 1521 3391 veterum

497 3434 695 3509 Litera'rum
726 3433 895 3533 cognitio,
923 3426 974 3507 ito
999 3432 1104 3506 rarior
1133 3433 1239 3507 etiam
1266 3448 1301 3506 et
1328 3431 1399 3506 fere
1429 3433 1524 3507 nullo

497 3551 592 3649 opud
611 3548 768 3624 Latinos.
822 3551 907 3650 Qro
926 3547 1035 3648 magis
1051 3547 1208 3623 miraculi
1225 3548 1328 3621 instar
1342 3547 1526 3621 habendus

501 3670 546 3742 est
565 3673 778 3767 Jorrnnnns
798 3670 1141 3751 Snnrsornrnnsrn
1160 3664 1222 3763 qui
1240 3665 1299 3738 illo
1316 3677 1350 3737 et
1367 3677 1526 3763 tempore

500 3809 532 3858 er
557 3789 647 3873 loco,
672 3783 780 3857 idest
805 3779 966 3856 trecentis
991 3795 1072 3853 ante
1097 3783 1317 3855 Petrarchanr
1332 3778 1446 3866 annis,
1463 3804 1528 3852 nec

501 3900 535 3971 in
556 3899 655 3972 ltalia
672 3881 727 3971 'sed
744 3899 840 3996 apud
864 3898 997 3994 Anglos
1023 3912 1057 3971 et
1084 3898 1323 3984 Norrnonnos‚
1348 3921 1428 3969 eam
1443 3893 1529 3968 doc·

501 4013 598 4085 trinae
615 4031 650 4084 et
669 4011 833 4085 orationis
848 4010 1057 4109 elegantiam
1076 4011 1235 4108 protulit,
1260 4035 1339 4108 quae
1358 4033 1432 4082 non
1450 4004 1530 4106 qui·

500 4133 582 4206 dem
600 4146 762 4203 accurata
778 4156 817 4203 ac
835 4133 971 4215 sincera,
989 4129 1046 4203 sed
1065 4147 1183 4201 tamen
1199 4127 1295 4224 apud
1312 4149 1436 4200 ornnes
1453 4121 1529 4200 Oc-

501 4242 650 4316 cidentis
676 4245 824 4340 populos
859 4242 939 4316 inde
968 4269 989 4314 a
1018 4240 1185 4315 sexcentis
1213 4239 1312 4313 annis
1342 4237 1467 4338 ignota
1496 4248 1532 4312 et

502 4357 659 4431 inaudita
687 4357 780 4431 ellet.
847 4359 1051 4432 Graecarurn
1082 4357 1281 4431 Literarum
1312 4369 1347 4428 et
1378 4353 1535 4453 Linguae

502 4472 653 4573 ignarus,
682 4490 724 4547 ut
752 4473 904 4562 videtur,
939 4500 990 4548 res
1021 4500 1060 4547 ac
1085 4472 1281 4547 doctrinam
1309 4499 1328 4544 e
1357 4469 1536 4546 Romanis

504 4591 720 4668 Autitoribus
741 4587 921 4678 delibavit,
948 4605 1011 4666 aut
1033 4589 1190 4665 crivulis
1215 4589 1321 4665 etiam
1347 4585 1539 4664 lutulentis
