3642 5492
601 577 1068 741 enAEFnrro
1263 632 1360 707 mn

269 869 270 882 ,
358 812 526 886 Editionem
544 809 697 886 nostram
721 810 857 886 diutius
874 810 1011 885 differre
1027 811 1138 886 volui.
1191 813 1255 888 Est
1280 816 1359 892 sane

269 959 273 1046 p
357 928 400 1001 illa
411 928 606 1004 Editionum
621 932 900 1028 Versronurnque
913 928 1073 1030 cognitio
1087 957 1172 1006 cum
1181 930 1358 1027 jucunda,

358 1059 414 1118 tun
426 1044 523 1145 digna
538 1044 692 1121 hominis
708 1045 836 1120 literati
852 1045 989 1133 studi03
1016 1048 1127 1120 modo
1143 1074 1188 1121 ne
1204 1049 1360 1127 nimium

356 1158 556 1251 ritribuatur,
582 1177 618 1236 et
634 1161 791 1259 ipsomm
807 1160 911 1235 ledrio
928 1163 1130 1239 Audomm
1148 1165 1356 1265 negligatur.

279 1285 281 1290 '
357 1278 484 1353 ltaenim
500 1278 611 1378 magis
636 1281 682 1354 ad
705 1278 834 1353 librarii
858 1279 1043 1379 negotium
1060 1306 1171 1378 quam
1185 1283 1358 1359 doetrinae

355 1393 475 1472 laeum
491 1398 634 1495 spectet.
686 1401 753 1475 Sed
770 1399 806 1472 in
823 1401 1015 1474 Plutarcho
1033 1400 1193 1498 quidem,
1214 1391 1357 1500 aliisque

355 1510 421 1584 haud
433 1512 548 1610 paucis
568 1512 700 1589 Graecis
717 1514 948 1603 Audoribus,
967 1515 1112 1589 minoris
1138 1516 1198 1590 illa
1215 1517 1266 1591 est
1282 1518 1355 1592 uti·

282 1623 1355 1731 ,Mmmfflmmmmm

355 1737 448 1816 ciffiua
475 1744 618 1819 istarum
646 1744 858 1820 Editionum
888 1748 1169 1845 Verfionumque
1198 1772 1276 1845 pars
1308 1750 1355 1822 ab

355 1875 485 1932 aetuntae
510 1859 717 1935 hominibus
742 1859 910 1935 doctrina
936 1862 1028 1937 faeta
1053 1861 1128 1935 est:
1156 1864 1261 1936 nullae
1284 1858 1356 1936 fere

313 2049 315 2056 ,
356 1969 520 2048 adcodices
537 1976 682 2073 scriptos
704 1979 836 2051 exacte
860 1993 896 2051 et
919 1978 1121 2076 castigate:
1149 1977 1208 2052 sed
1232 2003 1356 2051 omnes

355 2078 590 2183 propemodum,
612 2093 746 2167 Graecae
764 2093 911 2191 quidem
929 2092 1101 2166 editiones
1118 2118 1163 2167 ex
1179 2091 1356 2189 prioribus

353 2200 528 2281 editionibus
552 2208 723 2305 repetitae,
749 2211 795 2282 ad
820 2208 1075 2306 frequentanda
1092 2207 1129 2282 in
1145 2206 1249 2281 usum
1267 2206 1353 2280 tiro·

288 2375 290 2380 .
353 2339 414 2392 nun
434 2325 602 2421 exempla.
656 2326 741 2398 Una
764 2350 810 2398 ex
839 2323 1044 2398 melioribus
1071 2323 1108 2398 in
1133 2324 1202 2398 hoc
1228 2348 1354 2422 genere

348 2433 542 2512 Editionibus
559 2438 609 2513 est
627 2441 827 2537 Xylandrea
843 2439 951 2514 libelli
970 2442 1029 2513 De
1042 2441 1205 2540 Legendis
1222 2444 1352 2515 Poetis:

344 2552 422 2650 atqui
437 2553 481 2628 nil
498 2556 535 2630 in
551 2582 592 2630 ea
608 2555 731 2654 reperi,
748 2556 836 2656 quin
854 2560 909 2632 vel
926 2584 947 2630 a
964 2559 1201 2632 Xrnnunuo
1220 2557 1258 2629 in
1275 2582 1351 2631 ma·

337 2663 398 2758 jore
421 2671 537 2746 Graeca
566 2670 734 2746 Editione
762 2686 799 2752 et
829 2672 1142 2747 Latina-Verfione
1171 2685 1352 2759 notatum,

338 2785 384 2856 vel
404 2811 423 2858 a
446 2813 500 2861 me
524 2788 600 2883 jam
626 2805 843 2885 occupatum
869 2790 963 2861 esset.
1017 2788 1153 2861 Eadem
1174 2784 1354 2860 frustratio

335 2895 395 2972 fuit
414 2898 446 2974 in
463 2901 546 2989 aliis,
573 2902 729 2999 exceptis
745 2901 835 2976 forte
853 2904 1062 2989 Tunurur,
1089 2905 1352 2986 Camuunurr,

329 3016 372 3088 ad
387 3015 477 3092 illurn
493 3021 534 3092 de
551 3021 633 3113 Ifide
645 3019 776 3092 librum
790 3022 993 3093 Buurnnrr
1009 3043 1049 3090 ac
1063 3018 1353 3103 Maurarum,

326 3147 362 3206 et
376 3157 564 3231 paucorum
581 3136 821 3232 quorumdam
837 3135 881 3208 ad
900 3133 985 3207 alios
1001 3133 1121 3221 libros,
1147 3130 1352 3205 annotatio·

324 3247 435 3324 nibus.
483 3251 646 3325 Profiteri
671 3251 768 3324 haud
793 3276 924 3337 vereor,
951 3276 1009 3323 me
1032 3247 1109 3323 solis
1133 3248 1219 3322 meis
1236 3247 1353 3346 ipsum

318 3363 428 3462 copiis
442 3364 583 3453 fretum,
600 3367 696 3439 haud
723 3368 838 3470 multo
861 3366 1070 3440 deteriorem
1091 3363 1284 3438 editionem
1301 3363 1351 3437 ef-

315 3480 490 3557 festurum
517 3481 629 3570 fuilse,
660 3508 769 3580 quam
795 3485 885 3555 hanc
912 3508 1009 3556 nunc
1031 3483 1191 3555 effectam
1213 3479 1352 3554 auxiliis

312 3598 472 3700 priomm
497 3597 741 3696 interpretum.
793 3595 976 3671 Dodrinae
998 3596 1113 3670 fontes
1130 3611 1254 3694 patent
1273 3621 1352 3667 om·

314 3713 445 3788 nibus:
472 3710 553 3786 hinc
571 3711 622 3786 illi
638 3738 750 3811 pauca
766 3710 988 3785 delibarunt:
1017 3736 1084 3810 ego
1109 3736 1190 3808 quae
1215 3709 1260 3781 ad
1278 3733 1353 3784 rem

310 3827 469 3904 facerent
493 3854 624 3916 meam,
649 3826 832 3902 exhaurire
857 3826 1003 3915 studui3
1030 3842 1072 3902 ut
1096 3824 1146 3899 nil
1168 3821 1267 3898 facile
1295 3849 1354 3899 me

309 3945 480 4044 effirgent
496 3969 621 4018 eorum
639 3967 720 4039 quae
737 3944 782 4014 ab
800 3940 864 4014 illis
889 3942 1026 4039 prolata
1041 3940 1163 4014 effent.
1216 3939 1296 4013 Nec
1316 3936 1354 4011 in

307 4087 352 4136 eo
379 4059 580 4159 quidquam
608 4058 695 4132 mihi
719 4057 864 4157 superbe
881 4084 1016 4158 arrogo.
1070 4058 1134 4132 Nil
1160 4057 1240 4133 dico
1264 4054 1354 4156 quin

308 4179 409 4252 idern
425 4176 539 4250 dicere
562 4177 667 4273 posfit
684 4172 772 4249 alius
789 4173 916 4261 editor,
942 4173 1006 4272 qui
1023 4173 1169 4272 quidem
1194 4189 1353 4271 tempore

306 4313 342 4368 et
363 4293 496 4378 labore,
523 4307 658 4389 quanta
675 4290 796 4388 potuit
818 4289 1013 4388 diligentia,
1039 4290 1158 4388 copias
1175 4287 1354 4386 collegerit

305 4411 387 4486 suas
415 4424 452 4483 et
484 4407 699 4484 instruxerit.
752 4411 835 4505 Jam
863 4407 979 4481 fontes
1005 4405 1069 4505 qui
1091 4432 1164 4480 non
1186 4404 1354 4479 omnibus

304 4540 450 4626 patent,
476 4523 616 4600 codices
631 4522 712 4599 dico
729 4523 887 4628 scriptor,
913 4537 976 4598 aut
993 4548 1098 4597 nemo
1117 4520 1240 4596 habuit
1260 4518 1354 4618 prio·
1508 4533 1513 4544 ‘
