3642 5492
367 466 465 542 cxliv
545 573 552 589 Ι
655 469 1121 548 ΡΚΕΡΑΤΙΟ.

371 679 453 727 rum
476 651 724 750 interpretum,
750 670 812 728 aut
837 682 930 728 unus
952 671 988 730 et
1012 658 1109 741 alter,
1132 679 1249 728 unum
1271 666 1309 725 et
1327 651 1413 724 alte·

371 794 475 842 rum:
504 795 570 868 ego
588 784 642 845 tot
659 770 783 857 habui,
809 786 899 868 quot
917 773 978 846 vix
995 797 1170 869 umquam
1187 769 1277 845 alius
1295 766 1414 842 Graeei

372 884 539 959 Auctoris
565 884 691 960 editor.
745 890 840 986 Ergo
858 887 998 961 illorum
1025 883 1416 984 Annotationesmagis

372 1003 529 1076 laborem
546 1001 634 1076 mihi
651 1030 760 1100 quam
776 1003 894 1100 copias
913 1019 1101 1078 auxerunt.
1144 1001 1273 1077 Habui
1289 1027 1416 1076 earum

373 1117 546 1193 rationem
579 1117 663 1216 quia
696 1135 811 1206 erant,
850 1145 922 1193 non
956 1119 1041 1218 quia
1074 1117 1267 1193 necessariae
1301 1133 1415 1192 erant.

373 1235 502 1308 Habui
526 1236 704 1310 delestum
734 1261 853 1309 earum
884 1263 965 1334 quae
989 1251 1272 1308 commemoratu
1297 1231 1416 1331 dignae

372 1347 589 1434 viderentur,
615 1366 649 1424 et
674 1350 739 1424 sub
768 1350 958 1425 inventoris
983 1350 1033 1424 sui
1062 1349 1206 1423 nomine
1232 1371 1416 1446 quamque

373 1467 538 1563 prodidi:
568 1494 682 1565 neque
701 1466 780 1541 satis
806 1487 877 1540 erat
905 1469 1080 1540 susannam
1099 1491 1220 1538 earum
1236 1463 1416 1538 frustum·

373 1609 544 1678 quocum
562 1581 749 1656 lectoribus
778 1581 898 1655 nostris
915 1581 1203 1666 communicare,
1230 1580 1301 1667 sed,
1328 1577 1418 1676 quid

373 1698 503 1796 cuique
530 1697 705 1773 inventori
729 1699 931 1785 deberetur,
956 1703 1052 1796 quasi
1076 1723 1139 1795 per
1155 1693 1337 1770 historiam
1355 1718 1419 1766 an·

375 1842 557 1891 numerare
581 1815 754 1914 oportuit.
807 1819 899 1890 Haee
926 1816 1060 1916 religi0,
1087 1812 1248 1915 quamvis
1271 1809 1420 1887 molesta

373 1935 582 2023 editoribus,
607 1961 672 2010 nec
698 1937 790 2010 reste
815 1935 949 2033 semper
970 1934 1138 2008 aestimata
1159 1959 1181 2005 a
1204 1929 1419 2030 legentibus,

374 2057 471 2127 nullo
491 2055 599 2128 modo
613 2053 821 2153 negligenda
836 2052 896 2125 est.
937 2057 1034 2125 Nam
1050 2071 1086 2122 et
1103 2045 1338 2122 humanitatis
1354 2043 1417 2132 est,

374 2170 579 2268 cognoscere
597 2185 775 2265 quantum
795 2167 942 2265 quisque
960 2193 1073 2263 operae
1090 2165 1249 2263 pretium
1264 2161 1414 2236 fecerit:

374 2301 408 2357 et
423 2284 582 2377 justitiae,
600 2283 703 2356 suurn
719 2283 849 2378 cuique
868 2284 1033 2356 tribuere.
1062 2283 1279 2378 Numquam
1293 2303 1419 2352 eorum

374 2399 522 2495 probavi
557 2396 743 2484 rationem,
783 2397 844 2495 qui
881 2397 918 2469 in
948 2396 1238 2470 annotationibus
1267 2393 1422 2468 conscri-

375 2513 498 2585 bendis
524 2513 573 2587 ita
598 2514 756 2611 priorum
776 2512 927 2586 inventis
946 2530 1112 2600 utuntur,
1137 2526 1180 2585 ut
1204 2535 1246 2584 ea
1267 2511 1367 2608 quasi
1385 2507 1421 2581 in

375 2654 489 2701 unum
509 2655 673 2704 acervum
687 2627 807 2704 omnia
820 2629 1053 2714 eonsundant,
1067 2655 1112 2702 ex
1127 2653 1242 2724 eoque
1255 2641 1298 2700 ut
1317 2625 1423 2701 suum

375 2749 545 2845 quodque
571 2773 611 2820 ac
637 2747 819 2844 proprium
846 2747 905 2842 ipsi
928 2747 1152 2840 depromant,
1180 2745 1277 2816 nulla
1304 2741 1424 2816 nomi-

357 2853 488 2934 natim
519 2860 612 2934 satta
643 2859 835 2933 inventoris
866 2858 1059 2932 mentione.
1113 2861 1203 2932 Sunt
1234 2859 1328 2932 adeo
1360 2857 1425 2956 qui

376 2976 521 3048 nomina
535 2977 570 3049 in
588 2975 824 3050 memorandis
851 2973 1041 3049 benesastis
1064 2991 1215 3062 taceant,
1242 2974 1280 3048 in
1298 2975 1426 3048 errori-

376 3092 443 3161 bus
460 3095 623 3186 prodant,
643 3109 684 3166 ut
704 3095 854 3167 habeant
874 3097 1010 3190 dequo
1029 3094 1268 3190 triumphent.
1316 3093 1427 3167 Peffi-

377 3231 476 3277 mum
495 3231 618 3302 genus,
638 3222 679 3279 ut
699 3207 828 3304 ingenii
846 3209 1088 3306 doctrinaque
1105 3207 1268 3304 penuria,
1295 3206 1348 3280 ita
1363 3231 1427 3278 va·

375 3319 493 3393 nitatis
510 3343 544 3393 et
566 3321 796 3417 impudentiae
810 3323 1046 3396 abundantia:
1067 3349 1158 3421 quos
1173 3323 1272 3395 haud
1289 3340 1426 3394 temere

376 3434 454 3530 quis
468 3455 621 3531 pauperes
636 3441 668 3508 in
683 3440 814 3508 lim-ara
831 3441 962 3508 civitate
967 3441 1065 3533 sures
1081 3439 1248 3534 appellet.
1294 3435 1427 3508 Enim-

376 3577 458 3624 vero
486 3577 557 3648 qua
586 3550 757 3624 modestia
785 3551 937 3647 posteros
964 3550 1000 3623 in
1026 3551 1144 3624 nostro
1168 3575 1274 3648 opere
1299 3549 1429 3622 versari

376 3684 557 3760 optamus,
591 3667 715 3739 eadem
751 3664 786 3738 in
816 3665 974 3761 priorum
1004 3665 1171 3762 operibus
1206 3665 1269 3762 ipsi
1300 3663 1431 3738 versari

376 3781 558 3852 debemus.
609 3785 673 3868 At,
693 3779 757 3878 qui
777 3807 847 3852 non
865 3779 968 3854 suum
985 3802 1018 3853 et
1038 3781 1222 3876 proprium
1241 3807 1349 3878 opus,
1367 3779 1431 3854 sed

378 3891 531 3965 alienum
564 3919 605 3965 ae
637 3895 833 3992 surreptum
867 3894 1046 3990 relinquit,
1081 3895 1178 3969 illam
1208 3896 1430 3993 posteritatis

378 4006 573 4080 vindictam
591 4034 663 4080 non
680 4026 830 4082 veretur.
884 4009 1064 4105 Equidem
1082 4009 1259 4106 priorum,
1283 4011 1431 4086 Editio-

379 4147 448 4207 nes,
470 4124 660 4208 Vertiones‚
678 4123 936 4208 annotationes,
963 4149 1050 4220 quas
1068 4125 1216 4222 quidem
1236 4127 1364 4215 habui,
1386 4155 1431 4200 ea

379 4260 449 4328 qua
467 4234 554 4326 dixi,
581 4237 750 4310 modestia
768 4237 912 4312 trasiavi
931 4268 939 4310 :
967 4259 1002 4312 et
1021 4266 1109 4337 quas
1133 4243 1298 4316 nondum
1317 4245 1430 4316 habe·

381 4372 467 4436 reni,
494 4369 533 4423 ut
561 4352 769 4426 nanciscerer
793 4378 937 4451 operam
958 4354 1052 4428 dedi.
1106 4357 1206 4430 Nam
1223 4383 1343 4454 quum
1359 4357 1433 4430 alia
