3642 5492
660 652 1131 741 PRAEFATIO.
1342 689 1416 741 exv

371 1055 431 1128 De
442 1060 526 1154 bolus
540 1059 728 1130 Editionibus
744 934 996 1131 Graecoizaiinis.
1029 1070 1070 1133 A.
1088 1083 1181 1156 1599,
1200 1065 1295 1149 1620,
1314 1068 1409 1153 1624.

429 1212 677 1312 Stephanianus
703 1229 894 1291 contextus
919 1216 1082 1316 deinceps
1109 1237 1323 1319 propagatus
1347 1248 1411 1322 per

396 1339 449 1401 tres
471 1330 761 1407 Graeco-Latinas
789 1331 975 1409 Editiones
997 1351 1134 1411 tantam
1156 1340 1329 1413 allocutus
1360 1339 1411 1413 est

347 1493 349 1556 ᾖ
401 1445 631 1535 nttoritatem,
653 1463 697 1522 ut
714 1447 805 1523 solus
822 1466 936 1524 certus
952 1467 988 1524 et
1007 1478 1193 1551 germanus
1209 1454 1408 1543 haberetur,

347 1569 352 1650 l
405 1557 611 1634 Continentur
634 1564 690 1635 hae
716 1562 900 1637 Editiones
922 1566 1063 1639 duobus
1081 1566 1322 1642 voluminibus
1339 1567 1409 1642 for·

406 1699 450 1748 uo
463 1678 633 1767 maxime,
659 1705 816 1779 quorum
838 1679 995 1779 primum
1021 1683 1071 1757 est
1095 1687 1253 1771 lotarum,
1279 1684 1409 1759 additis

402 1787 540 1890 jomllitir
557 1796 675 1869 Galbae
690 1814 725 1871 et
746 1798 906 1872 Othonis:
932 1802 1095 1887 alterum,
1113 1800 1304 1876 Moralium.
1351 1804 1409 1876 De

405 1910 454 1985 hoe
466 1912 555 1987 nobis
572 1939 670 1988 nunc
685 1914 891 1990 dicendum.

438 2027 536 2103 Prima
562 2029 696 2129 prodiit
726 2034 946 2130 Francofurti‚
974 2036 1065 2133 apud
1090 2036 1229 2108 Andreae
1258 2029 1414 2106 Wechelii
1560 2129 1563 2139 Ι

401 2141 512 2233 hedes,
527 2149 696 2221 Claudium
713 2149 885 2222 Marnium
904 2168 937 2223 et
952 2151 1105 2242 Joannem
1124 2151 1290 2236 Aubrium‚
1318 2154 1409 2223 Anno

404 2283 414 2332 1
421 2287 489 2359 599.
517 2265 642 2338 Graeco
654 2265 846 2339 ¹contextui
863 2266 1104 2364 Stephaniano
1122 2266 1243 2341 iisdem
1258 2265 1407 2364 paginis,

398 2371 531 2453 interiore
560 2383 668 2456 latere
701 2386 858 2480 apposita
891 2400 928 2457 et
961 2384 1171 2459 continuata
1199 2382 1249 2456 est
1279 2383 1410 2457 Latina

399 2491 598 2573 Xrtnnunr
631 2500 891 2601 interpretatio,
918 2504 964 2577 ab
993 2501 1053 2576 illo
1080 2501 1168 2601 saepe
1193 2501 1407 2589 dissentiens,

396 2612 484 2688 nodo
498 2614 532 2690 in
548 2615 730 2692 meliorem
748 2619 859 2692 modo
875 2618 913 2692 in
929 2617 1138 2694 deteriorem
1152 2636 1301 2716 partem,
1315 2633 1408 2693 certe

394 2723 433 2804 in
453 2727 534 2806 nera
556 2749 599 2807 ut
625 2730 829 2830 Xylandreo
844 2734 1033 2809 contextui
1051 2737 1179 2810 Graeeo
1195 2734 1277 2808 anni
1299 2759 1407 2835 1574,

384 2865 453 2930 ,non
477 2847 709 2948 Stephaniano
737 2851 1008 2926 accommodata
1039 2852 1135 2924 esset.
1188 2851 1249 2924 Ad
1274 2851 1407 2923 calcem

393 2960 636 3043 GraecoLatini
663 2968 789 3067 operis,
814 2968 989 3042 accedunt
1020 2970 1129 3041 Notae
1158 2967 1406 3051 ernunnr,

391 3075 438 3153 sod
455 3083 569 3158 ordine
592 3083 766 3159 libromm
794 3083 930 3160 Aldino
954 3098 991 3158 et
1017 3086 1193 3157 Bafileenfi
1213 3109 1321 3182 quem
1337 3082 1407 3181 ipse

391 3189 602 3275 Xrtnrsnrsn
621 3199 658 3273 in
675 3198 805 3275 Latina
821 3198 1110 3298 interpretatione
1127 3214 1163 3272 et
1181 3200 1306 3272 Graeea
1319 3198 1407 3273 Edi-

389 3305 618 3390 tionesecutus
640 3330 741 3390 erat:
769 3341 851 3418 quae
876 3311 1053 3390 diversitas
1079 3313 1210 3389 ordinis
1232 3340 1407 3415 perquam

386 3423 435 3502 tst'
449 3427 590 3505 molesta
615 3429 814 3530 legentibus
845 3432 1076 3505 Plutarchum
1105 3446 1140 3504 et
1170 3428 1262 3503 inter
1288 3433 1405 3529 legen·

386 3537 460 3616 dum
473 3541 618 3621 subinde
634 3549 753 3622 Notas
770 3548 1000 3622 Xrtauonr
1023 3543 1299 3620 consulentibus.
1342 3546 1404 3617 Se·

384 3673 526 3754 mantus
558 3662 772 3756 Srrsnrrsur
813 3660 1074 3738 Annotationcs
1105 3660 1172 3734 illae
1200 3662 1244 3758 de
1274 3660 1405 3758 quibus

383 3769 467 3872 bpn
493 3775 661 3853 diximus.
714 3777 907 3875 Subjicitur
936 3780 1049 3853 Index
1078 3775 1253 3851 variarum
1280 3776 1403 3850 retero-

382 3909 455 3965 num
484 3917 528 3967 ex
556 3892 773 3969 editionibus
801 3893 933 3967 Aldina
961 3907 995 3967 et
1021 3894 1215 3981 Bafileensr,
1243 3891 1330 3966 item
1357 3919 1402 3967 ex
1449 3904 1452 3911 “

377 4001 459 4082 lons
485 4011 534 4086 T.
554 4013 600 4085 V.
623 4013 665 4084 Β.
688 4012 729 4084 Ρ.
767 4010 803 4085 id
837 4011 900 4098 est,
935 4013 1144 4098 Tunuear,
1180 4013 1401 4098 Vuncourr,

377 4117 616 4213 Bouenmrr,
642 4126 846 4201 Parnvrr.
899 4129 986 4201 Hoc
1008 4126 1181 4200 variarum
1207 4125 1403 4199 lettionum

374 4255 533 4335 apparatu
548 4266 667 4339 quum
683 4240 909 4340 aliquantum
923 4241 969 4316 ad
982 4241 1267 4315 emendationem
1285 4238 1403 4313 Graeci

371 4370 552 4432 contextus
577 4359 777 4457 profestum
803 4362 870 4450 fit;
897 4379 1013 4456 operae
1039 4358 1194 4455 pretium
1219 4356 1268 4429 est
1291 4380 1401 4451 expo·

370 4495 443 4545 nere
470 4472 671 4569 cujusmodi
700 4478 740 4549 srt
769 4489 805 4548 et
832 4472 965 4573 quibus
992 4499 1038 4546 ex
1066 4472 1224 4547 fontibus
1248 4468 1402 4543 fluxerit.

366 4585 525 4664 Primum
540 4587 651 4688 igitur
666 4616 707 4664 ea
722 4589 909 4664 referemus
935 4613 1015 4687 quae
1036 4590 1083 4662 ab
1100 4587 1177 4685 ipsrs
1196 4584 1402 4661 Editoribus

722 4741 738 4780 ι
855 4707 919 4778 ha
1061 4752 1067 4760 -
