3642 5492
371 654 466 703 mm
658 624 1121 700 PRAEFATIQ

370 813 524 886 edendos
542 808 743 884 accedebat.
796 812 848 883 At
873 811 1011 883 valebat
1037 807 1216 883 memoriae
1234 805 1410 894 bonitate,

370 926 508 1000 infinita
525 923 688 1009 teutone,
707 927 841 998 Graecae
858 924 987 1024 linguae
1006 923 1158 1012 scientia,
1183 922 1250 999 usu
1264 925 1412 999 collecta

368 1043 440 1129 illa,
468 1066 539 1114 non
565 1038 610 1111 ad
635 1037 808 1113 rationem
833 1040 1074 1116 conformata:
1111 1041 1249 1115 valebat
1278 1039 1411 1138 ingenii

370 1156 555 1232 velocitate
572 1169 608 1227 et
626 1153 800 1242 acumine,
822 1154 938 1230 subito
957 1157 1178 1243 movebatur,
1204 1155 1344 1254 impetu
1362 1154 1413 1230 fe·

370 1276 512 1348 rebatur
527 1306 538 1360 3
564 1296 720 1369 cumque
735 1271 787 1345 ita
803 1271 971 1347 incitatus
986 1299 1110 1348 omnes
1132 1276 1241 1364 locos,
1265 1275 1312 1348 de
1328 1274 1411 1374 qui·

369 1392 436 1463 bus
453 1386 645 1474 dubitaret,
671 1389 894 1463 emendando
911 1388 1114 1488 attingeret,
1141 1389 1177 1463 in
1199 1388 1374 1489 plerisque
1391 1415 1413 1462 a

370 1508 550 1603 proposito
567 1505 762 1591 aberrabat,
780 1505 864 1579 alios
877 1505 1106 1603 probabiliter
1119 1507 1308 1593 tradabat,
1322 1531 1412 1580 non·

368 1624 482 1695 nullos
498 1618 639 1716 penitus
656 1623 961 1717 complestebatur
977 1639 1014 1695 et
1039 1621 1223 1698 certiffrma
1248 1621 1410 1698 restitue-

370 1739 432 1811 bat
467 1737 668 1842 conjectura
702 1764 782 1836 quae
817 1742 920 1838 plane
954 1739 1125 1815 divinitus
1159 1741 1279 1814 oblata
1310 1737 1412 1814 vide·

371 1869 480 1928 mm

421 1974 517 2071 Ergo
552 1999 666 2069 quum
700 1974 851 2046 Moralia
884 1973 1093 2048 Plutarchea
1127 1974 1188 2048 fibi
1230 1973 1414 2048 tractanda

369 2086 549 2175 snmsrtset,
564 2104 601 2161 et
619 2088 801 2189 ingenium
821 2102 1007 2185 tamquam
1019 2089 1056 2161 in
1068 2114 1238 2187 campum
1255 2104 1292 2164 et
1303 2115 1413 2164 vena-

369 2202 506 2277 tionem
523 2205 814 2279 emendationum
832 2204 1037 2291 immisrffet,
1062 2204 1160 2278 facile
1177 2204 1227 2279 est
1242 2205 1288 2278 ad
1305 2204 1411 2280 intel·

369 2321 553 2420 ligendum
570 2323 712 2419 qualem
731 2337 976 2419 quantamque
1002 2336 1186 2418 capturam
1211 2335 1414 2417 reportave-

370 2451 426 2509 rrt.
480 2437 754 2511 Emendationes
781 2439 943 2535 plurimae
967 2439 1046 2511 sunt
1072 2436 1185 2511 falsae:
1220 2436 1302 2511 sunt
1327 2462 1413 2511 vero

369 2551 477 2624 etiam
494 2554 700 2648 probandae,
720 2570 761 2626 ut
781 2552 816 2626 in
833 2579 964 2651 magno
978 2578 1140 2640 numero,
1157 2554 1254 2627 haud
1266 2577 1413 2650 paucae:

371 2667 448 2740 sunt
466 2667 618 2765 denique
640 2671 819 2742 nonnullae
845 2669 984 2765 prorsus
1009 2669 1166 2768 egregiae.
1220 2672 1269 2743 Et
1294 2672 1415 2766 pluoes

370 2782 529 2879 profesto
553 2785 744 2881 probandae
771 2800 806 2858 et
830 2783 976 2883 egregiae
1000 2773 1156 2871 initient,
1183 2786 1304 2881 fiplus
1321 2799 1415 2858 tem·

370 2902 462 2998 poris
493 2904 684 2976 Plutarcho
712 2900 897 2990 tribuiss'et,
927 2928 1012 2975 cum
1040 2901 1181 2998 ejusque
1209 2898 1346 2975 ratione
1375 2919 1414 2976 et

371 3020 527 3093 oratione
561 3018 834 3093 familiaritatem
867 3019 1102 3093 contraxisset.
1154 3021 1224 3095 Sed
1256 3022 1414 3094 habebat
1449 3099 1452 3104 ,

370 3139 439 3210 hoe
457 3142 662 3210 Rursrrus
682 3166 689 3209 :
718 3135 755 3208 in
782 3137 879 3208 nullo
898 3139 1054 3209 Auctore
1073 3134 1280 3223 habitabat3
1307 3161 1414 3236 vaga-

370 3255 477 3324 batur
512 3279 573 3348 pcr
607 3278 757 3325 omnes:
797 3277 861 3324 nec
889 3252 985 3347 apud
1019 3278 1240 3350 quemquam
1273 3251 1416 3327 tamdiu

370 3368 580 3453 divertebat,
608 3381 648 3438 ut
674 3365 709 3438 in
726 3368 833 3461 paulo
858 3364 1059 3439 interiorem
1085 3366 1158 3461 ejus
1185 3365 1415 3440 consuetudi·

372 3511 453 3557 nem
480 3484 510 3556 t'c
537 3482 747 3555 insinuaret:
778 3480 896 3578 itaque
922 3507 985 3578 per
1010 3481 1270 3556 festinationem
1292 3479 1418 3557 omnia

369 3601 579 3698 arripiebat,
606 3599 696 3683 sana,
721 3613 899 3694 corrupta,
928 3600 1086 3684 obscura,
1113 3598 1281 3686 difficilia,
1305 3599 1416 3674 corri-

370 3745 449 3815 gere
469 3717 641 3801 tentabat‚
663 3715 839 3800 mutabat,
866 3713 1126 3810 transponebat,
1153 3716 1334 3804 demebat,
1352 3717 1418 3790 ad·

369 3836 476 3905 debat
496 3835 539 3906 de
563 3833 650 3918 suo,
678 3834 753 3904 haec
779 3829 815 3903 in
841 3833 961 3905 charta
986 3834 1135 3906 notabat
1161 3847 1197 3908 et
1223 3833 1259 3906 in
1284 3834 1419 3932 vulgus

370 3952 567 4046 prodebat:
596 3966 631 4022 et
656 3951 771 4044 plane,
798 3963 838 4020 ut
863 3950 950 4020 alter
972 3946 1218 4022 Lucilius-in
1234 3950 1313 4021 hora
1325 3952 1421 4049 saepe

370 4070 518 4139 <lineatas
542 4064 690 4137 faciebat
716 4063 947 4138 correctiones
961 4068 1054 4156 stans
1078 4069 1162 4162 pede
1185 4070 1216 4138 in
1241 4091 1310 4138 reno.
1364 4065 1419 4138 Et

372 4204 503 4268 tamen,
532 4184 609 4253 Cum
622 4188 742 4274 flueret
760 4187 941 4267 lutulentus,
967 4200 1038 4254 erat
1059 4184 1143 4281 quad
1161 4185 1271 4254 tollere
1285 4183 1419 4254 velles:

372 4327 443 4372 non
461 4299 516 4371 itte
535 4293 681 4393 quidem
694 4303 845 4393 garrulus
862 4296 919 4368 sed
935 4301 1028 4394 piger
1041 4297 1306 4396 scribendisque
1321 4295 1420 4368 labo·

371 4440 435 4484 rem
449 4443 460 4484 .·
490 4411 655 4483 Scribeudi
669 4417 777 4481 radic:
803 4437 874 4481 itam
891 4428 924 4480 ut
941 4415 1082 4494 medium,
1101 4414 1148 4482 m'l
1160 4435 1272 4481 moror.

420 4529 488 4602 Sed
506 4551 619 4625 operae
637 4524 793 4621 pretium
821 4522 871 4597 est
895 4522 1100 4622 cognoscere
1127 4538 1306 4622 quantum
1323 4520 1419 4598 illud
