3642 5492
365 601 427 676 lxx
649 597 1111 675 PRAEFATIO.

368 787 436 859 hoc
452 784 576 858 saeculo
600 780 716 879 scripti
740 779 923 857 censentur
940 813 948 856 :
975 782 1115 857 Parisrni
1131 785 1168 858 D
1182 797 1218 859 et
1237 783 1268 857 F
1283 807 1397 857 mern·

367 899 540 987 branacei,
569 899 692 972 eadem
722 898 900 976 literatum
928 899 1041 974 forma
1072 925 1144 997 qua
1171 897 1399 973 Moscuenses

374 1045 388 1090 1
411 1031 446 1089 et
467 1044 501 1102 a,
518 1039 672 1113 quorum
689 1014 783 1110 prior
800 1014 925 1089 saeculo
941 1015 977 1089 xi
994 1018 1048 1088 vel
1065 1013 1127 1102 xii,
1149 1012 1318 1111 posterior
1336 1011 1399 1098 xii,

370 1132 514 1230 ponitur
543 1156 563 1202 a
594 1131 815 1205 Mariano
849 1130 934 1203 Viro
963 1132 1017 1204 Cl.
1050 1130 1086 1204 in
1116 1127 1324 1204 Prasatione
1354 1127 1402 1201 ad

373 1245 551 1323 Plutarchi
578 1245 712 1348 libellos
741 1248 801 1319 De
823 1251 938 1348 Vitiosa
961 1251 1088 1321 Pudore
1108 1262 1144 1321 et
1171 1247 1230 1320 De
1247 1249 1402 1320 Fortuna.

373 1364 537 1459 Ejusdem
555 1359 665 1436 aetatis
683 1363 831 1435 habetur
843 1362 957 1436 codex
978 1361 1080 1436 Paris.
1099 1387 1199 1437 num.
1220 1363 1339 1461 1678:
1365 1373 1404 1432 et

373 1478 524 1552 habendi
541 1476 620 1550 sunt
637 1474 773 1550 codices
787 1480 931 1551 Virorum
950 1493 984 1552 et
998 1480 1176 1555 Moralium
1194 1473 1403 1562 Florentini,

375 1620 529 1691 quotum
544 1590 683 1665 collatio
696 1618 714 1664 e
729 1595 1021 1666 Gronovmms
1039 1592 1170 1666 schedis
1188 1593 1233 1664 ad
1249 1615 1307 1664 me
1325 1613 1403 1687 per·

375 1711 482 1785 venit.
535 1708 682 1785 Codices
711 1709 784 1782 duo
817 1708 1115 1808 vindobonenses,
1144 1733 1201 1805 ap.
1236 1709 1404 1780 anan'·

379 1851 485 1900 crum
502 1824 586 1898 edit.
605 1822 749 1897 Kollarii
768 1839 795 1895 t.
807 1823 868 1910 vii,
887 1850 922 1920 p.
941 1852 960 1897 2
966 1851 1023 1923 37.
1076 1827 1190 1897 Num.
1203 1821 1306 1907 lxxii,
1323 1845 1408 1895 con·

377 1942 491 2017 tinens
511 1942 715 2038 Symprfiacas
730 1938 930 2034 Qaestiones,
948 1937 1101 2012 mirificis
1118 1936 1282 2010 laudibus
1298 1935 1411 2010 fertur

377 2086 398 2132 a
416 2060 649 2141 Lantnncro,
674 2053 805 2152 quibus
825 2054 919 2126 hunc
935 2053 1094 2127 codicem
1111 2052 1277 2156 laudibus
1293 2049 1409 2148 indig-

380 2199 469 2247 num
495 2173 573 2257 elle,
601 2168 689 2243 mihi
717 2166 845 2264 scripsit
873 2166 936 2240 Vir
959 2168 1173 2241 doctissimus
1201 2172 1410 2241 Aaousrus

379 2291 425 2364 L.
443 2292 530 2361 Baro
552 2287 596 2358 de
622 2284 776 2370 Locella,
804 2282 866 2379 qui
893 2308 976 2355 eum
1002 2281 1124 2356 multis
1145 2283 1230 2356 locis
1247 2278 1413 2378 inspexit,

380 2403 520 2499 ejusque
535 2415 700 2496 excerpta
715 2415 750 2472 et
769 2398 933 2472 notitiam
952 2424 1093 2473 mecum
1110 2395 1413 2472 communicavit:

381 2542 464 2589 eum
493 2529 612 2587 tamen
645 2514 712 2584 hoc
745 2511 871 2588 saeculo
900 2511 1047 2588 censens.
1101 2516 1202 2589 Alter
1228 2513 1280 2588 est
1307 2537 1412 2586 num.

382 2633 494 2718 lxxiii,
525 2631 562 2704 in
594 2654 668 2727 quo
695 2627 775 2702 sunt
804 2630 953 2702 Moralia
983 2632 1178 2726 complura.
1230 2630 1417 2705 ceterum

383 2748 519 2822 codices
535 2746 593 2824 hic
612 2743 796 2820 memorati
815 2743 894 2817 su'nt
910 2744 1179 2820 membranacei.

730 2963 803 3016 8AE
820 2960 844 3015 C
862 2958 887 3014 U
904 2964 938 3016 L.
980 2962 1063 3018 XIII.

436 3105 549 3201 Capta
574 3099 637 3174 sub
663 3098 804 3172 initium
830 3100 934 3195 hujus
956 3100 1070 3173 saeculi
1092 3097 1423 3197 Constantinopolis

388 3234 424 3291 et
442 3216 614 3291 Graeciaa
635 3212 792 3286 Latinis:
820 3242 899 3312 quae
926 3216 1102 3291 calamitas
1127 3217 1285 3314 plurium
1311 3217 1424 3294 etiam

389 3333 566 3402 bonorum
584 3329 753 3401 librorum
765 3329 941 3423 jacturam
958 3332 1091 3418 attulit.
1130 3337 1302 3407 Veterum
1321 3331 1425 3408 Lite-

389 3470 506 3518 ratum
522 3440 623 3539 periti
639 3442 798 3516 homines
820 3443 980 3520 seruntur
995 3448 1095 3524 nulli.
1146 3452 1379 3545 Recuperato
1404 3471 1427 3518 a

391 3559 523 3633 Graecis
540 3558 700 3655 imperio,
722 3559 921 3635 Literarum
939 3563 1051 3637 studia
1068 3567 1254 3660 paululum
1277 3561 1428 3638 recreari

390 3688 587 3770 coeperunt.
618 3675 692 3746 Sub
709 3675 816 3749 finem
835 3675 948 3750 saeculi
966 3677 1110 3775 scriptus
1126 3679 1176 3753 est
1194 3678 1231 3751 in
1249 3679 1395 3754 Graecia

441 3791 618 3862 CODEX
632 3792 916 3865 membranaceus
933 3797 1077 3867 Virorum
1089 3810 1124 3868 et
1139 3799 1322 3869 Morulium
1340 3797 1429 3870 Plu·

392 3902 515 3987 tarchi,
541 3928 633 3974 anno
655 3907 770 3998 12963
797 3905 858 4002 qui
877 3906 915 3978 in
936 3907 1105 4012 Parixsrensr
1123 3907 1345 3984 bibliotheca
1361 3909 1430 3983 ser·

390 4028 495 4083 vatus
512 4027 653 4086 notatur
670 4043 815 4093 numero
839 4023 944 4120 1671,
968 4047 988 4092 a
1005 4022 1106 4094 nobis
1122 4021 1224 4097 litera
1241 4028 1278 4096 A
1295 4022 1433 4124 signifi·

394 4141 504 4198 catur.
557 4129 598 4198 In
616 4153 688 4222 quo
705 4131 942 4219 describendo,
961 4149 995 4207 ct
1013 4136 1160 4210 omnino
1179 4136 1215 4209 in
1232 4139 1435 4211 Plutarcho

394 4239 627 4324 ertrendandO,
652 4241 781 4337 aliquid
800 4272 911 4340 operae
930 4251 1142 4324 collocatum
1161 4251 1261 4325 fuisse
1279 4278 1299 4324 a
1317 4255 1433 4326 Max·

396 4353 469 4423 imo
486 4355 655 4439 Planude,
675 4382 744 4428 non
761 4362 922 4432 abhorret
938 4388 956 4432 a
971 4365 1293 4440 verisimilitudine:
1314 4393 1432 4466 quan·

397 4471 591 4566 cloquidem
615 4473 750 4559 eadem,
776 4502 855 4572 quae
879 4479 1011 4578 reliqua
1026 4481 1168 4580 scripsit,
1194 4511 1324 4559 manus
1342 4488 1437 4561 hanc
