3642 5492
663 631 1130 712 PRAEFATIO.
1291 645 1420 720 'cxxxv

396 815 551 892 Verlonis
570 814 719 891 titulum
732 817 834 916 supra
846 820 992 917 apposui
1011 834 1044 919 ᾗ.
1060 848 1094 921 5,
1113 848 1229 921 neque
1241 823 1418 903 illicdieta

405 931 455 1008 bic
472 933 581 1008 iterare
607 933 759 1008 attinet:
789 934 897 1032 ipsam
923 963 996 1010 non
1019 938 1212 1014 memoravi
1239 947 1353 1033 §.10,
1380 947 1417 1015 in

414 1050 522 1125 Gdlicis
536 1051 760 1127 Versronibus
774 1052 814 1125 iis
830 1054 960 1151 quibus
978 1055 1113 1152 aliquid
1132 1056 1218 1128 boni
1235 1056 1353 1131 inesset
1371 1061 1416 1132 ad

413 1169 658 1244 emendationem
678 1172 795 1246 Graeci
814 1189 1015 1247 contextus.
1054 1175 1184 1271 Neque
1203 1173 1309 1247 etiam
1327 1176 1415 1269 ejus·

412 1281 483 1354 nodi
494 1281 556 1358 suit
574 1284 762 1383 negotium
781 1287 982 1360 chxnnr.
1010 1285 1137 1360 Scribit
1156 1288 1193 1360 in
1209 1287 1414 1383 praefatione

410 1397 615 1474 advolumen
641 1400 849 1485 secundum,
882 1401 914 1474 se
941 1401 1098 1474 habuisse
1127 1404 1217 1476 duos
1247 1401 1413 1500 antiquos

408 1507 596 1586 Bibliothecae
613 1513 716 1613 regiae
733 1515 872 1588 codices
894 1519 982 1615 1671
1005 1531 1041 1586 et
1064 1518 1170 1614 1672,
1190 1514 1276 1588 item
1295 1523 1411 1590 Axi·-

410 1648 461 1697 οτι
475 1631 682 1727 exemplum.
723 1630 872 1704 Codices
891 1630 970 1703 sunt
988 1629 1037 1702 illi
1056 1630 1117 1726 ipsi
1134 1656 1224 1728 quos
1241 1657 1308 1729 ego
1326 1657 1411 1705 con·

407 1739 497 1816 tuliet
510 1743 611 1818 literis
634 1751 669 1819 A
694 1763 729 1819 et
752 1749 784 1818 E
809 1745 932 1819 notavi
945 1778 956 1832 3
982 1747 1026 1817 de
1048 1753 1220 1820 AMrorr
1244 1750 1410 1844 exemplo

406 1852 576 1954 supradixi.
613 1865 671 1937 Ex
688 1877 815 1936 neutro
832 1862 931 1935 sonte
948 1861 1083 1960 aliquid
1101 1863 1246 1936 medela
1262 1863 1410 1959 protulit

406 1970 607 2052 chneous.
648 1980 715 2051 Per
729 1980 825 2052 locos
842 1992 1025 2075 corruptos
1042 1976 1092 2050 ita
1109 1976 1253 2063 transiit,
1272 1974 1411 2052 uffatis

406 2085 515 2165 tabem
532 2092 702 2188 ejusmodi
728 2095 933 2168 Versronem
957 2092 1103 2165 effecisse
1128 2117 1209 2189 quae
1230 2116 1251 2164 a
1269 2091 1411 2166 Gallicis

404 2202 557 2284 bembus
574 2209 837 2310 intelligeretur.
890 2214 934 2285 ln
951 2209 1165 2308 explicandis
1183 2208 1267 2284 locis
1284 2209 1411 2283 obscu-

404 2319 437 2396 ris
447 2326 511 2422 plus
528 2353 644 2426 operae
660 2327 776 2426 posuit
786 2362 797 2416 ;
815 2328 950 2427 quippe
966 2354 1055 2426 quos
1073 2328 1167 2400 haud
1186 2326 1410 2425 indiligenter

401 2437 628 2533 animadvertit,
655 2461 690 2519 et
714 2447 759 2517 ad
780 2447 969 2532 leslorum,
996 2442 1126 2542 quibus
1144 2442 1328 2529 scribebat,
1355 2440 1410 2514 in-

399 2556 511 2652 genium
525 2561 769 2660 probabiliter,
795 2560 943 2636 subinde
965 2560 1102 2658 aperuit
1123 2586 1169 2633 ex
1186 2583 1304 2633 rerum
1321 2584 1406 2656 cog·

401 2669 516 2766 ritione,
551 2678 653 2775 cujus
681 2680 825 2752 laudem
854 2677 886 2751 ei
915 2678 1064 2752 libenter
1093 2675 1295 2751 tribuimus.
1348 2676 1410 2750 Ad

401 2788 495 2868 nostru
511 2794 658 2894 quidem
676 2794 853 2870 Editionis
869 2794 973 2869 usum
990 2793 1038 2866 nil
1056 2789 1189 2867 attulit.

735 3040 761 3098 C
777 3042 803 3098 A
818 3039 838 3097 P
855 3038 884 3097 U
898 3038 928 3096 T
979 3040 1035 3101 lv.

530 3177 626 3276 Qdd
640 3178 701 3250 hac
717 3181 749 3250 in
767 3179 916 3251 Editione
932 3178 1053 3252 anobis
1069 3185 1173 3251 anum
1179 3178 1238 3271 stt.

400 3371 670 3562 SUPEREST
695 3376 845 3450 ultimus
870 3375 1084 3473 praesationis
1108 3379 1220 3466 locus,
1246 3402 1321 3477 quo
1343 3403 1405 3451 ex-

458 3506 619 3586 ponatur,
645 3487 733 3587 quid
751 3492 815 3563 hac
838 3488 875 3564 in
901 3491 1068 3567 Editione
1086 3495 1206 3568 aslum
1225 3498 1278 3568 fit.
1330 3494 1406 3593 Qui

397 3595 468 3678 brus
483 3605 678 3681 breviorem
694 3604 802 3681 habet
822 3608 1108 3705 explicationem.
1149 3615 1248 3685 Nam
1262 3635 1406 3706 operam
1437 3693 1444 3706 .

396 3715 530 3809 lolliam,
557 3722 730 3795 libromm
758 3723 889 3820 copias,
917 3743 952 3799 et
975 3726 1154 3824 reliquum
1180 3707 1432 3822 apparatum(

394 3854 455 3910 urm
467 3837 567 3938 supra
585 3839 873 3928 memoravimus,
897 3857 978 3916 tum
994 3840 1083 3915 infra
1098 3839 1351 3915 recensebimus
1368 3837 1405 3914 in

391 3949 545 4032 lodicibus
569 3956 654 4031 huic
673 3957 871 4054 praesationi
889 3958 1062 4054 subjestis.
1115 3961 1165 4032 Et
1190 3983 1305 4055 quum
1330 3958 1430 4061 duo·

389 4068 448 4159 lint,
468 4089 510 4147 ut
527 4072 617 4170 saepe
634 4071 920 4171 fignificavimus,
947 4072 1103 4148 Fxlitoris
1120 4072 1245 4161 officia,
1273 4075 1407 4147 Emen-

383 4180 461 4262 dario
477 4206 512 4263 et
530 4189 781 4287 Interpretatio
796 4221 808 4275 3
835 4216 931 4282 nunc
954 4192 999 4262 de
1025 4189 1084 4264 illa
1097 4188 1282 4286 utriusque
1298 4184 1405 4261 officii

378 4304 653 4397 praedicemus,
669 4331 750 4403 quae
768 4305 805 4378 in
822 4305 876 4379 his
894 4305 1053 4403 quinque
1067 4305 1243 4402 prioribus
1252 4301 1406 4376 versatur

375 4419 617 4509 voluminibus,
643 4446 799 4520 quorum
826 4421 954 4518 triplex
978 4421 1029 4495 est
1047 4421 1208 4506 materia,
1236 4422 1406 4494 Graecum

368 4558 452 4636 opus
484 4536 666 4628 Auctoris,
700 4537 901 4614 Annotatio
936 4538 1244 4626 emendationum,
1278 4534 1407 4611 Latina
1442 4625 1446 4630 ³

863 4650 947 4746 i4.
