3642 5492
657 653 1121 763 rnAErnrm.
1287 675 1413 763 xxxvii

369 868 527 943 lebratns
548 866 681 943 Romae
705 882 742 943 et
767 866 804 943 in
831 867 968 945 Graecia
985 891 1069 944 cum
1086 863 1257 943 habendis
1272 868 1412 961 scholis,

372 1000 451 1058 turn
469 973 608 1082 seriptis¹
623 984 778 1071 edendis,
804 982 865 1060 sua
883 985 959 1081 jam
976 997 1079 1059 aetate
1099 1008 1266 1084 magnam
1290 985 1411 1060 conse-

374 1115 474 1175 cutus
500 1099 555 1175 est
578 1098 841 1188 autloritatem,
866 1117 908 1175 ut
932 1098 1055 1174 multis
1071 1097 1208 1175 indiciis
1233 1099 1412 1202 colligitur

334 1309 336 1316 Ι
373 1241 405 1291 ac
432 1213 575 1291 disertis
598 1214 842 1315 proximorum
866 1213 1074 1290 testimoniis
1100 1213 1301 1290 Annorum
1324 1240 1408 1290 con·

375 1331 548 1434 firmatur.
618 1332 680 1406 Ab
713 1328 919 1431 equalibus,
953 1331 1073 1429 quoad
1104 1330 1250 1428 quidem
1283 1355 1409 1406 eorum

347 1535 349 1540 Ι
375 1442 495 1544 scripta
513 1445 649 1520 servata
664 1446 758 1535 sunt,
774 1472 847 1521 non
865 1463 1094 1536 memoratur,
1112 1445 1242 1533 Dione,
1261 1446 1407 1535 Tacito,

375 1559 484 1636 Plinio
516 1558 677 1648 Minore,
705 1562 888 1656 Juvenale,
917 1560 1110 1635 Suetonio:
1142 1583 1206 1635 nec
1231 1559 1302 1658 ipse
1330 1560 1408 1636 illos

380 1697 561 1764 nernorat,
579 1674 642 1750 nifi
656 1674 747 1750 forte
765 1673 934 1766 Dionem,
953 1675 1123 1776 fiquidem
1137 1674 1297 1752 adversus
1310 1678 1408 1754 hunc

380 1789 437 1867 luit
461 1792 672 1890 deperditus
696 1791 783 1866 liber
805 1796 882 1895 πρὶς
899 1795 1009 1879 Δίωνα,
1034 1791 1135 1888 cujus
1157 1790 1323 1868 notitiam
1346 1794 1408 1867 de·

381 1907 495 1983 bemus
512 1908 687 2007 catalogo
703 1905 874 1981 librorum
894 1909 1183 1983 Plutarcheorum
1208 1907 1271 2005 qui
1297 1909 1406 1984 Lam-

382 2024 454 2121 priae
481 2024 629 2098 nomine
654 2022 773 2097 fertur.
824 2023 893 2097 Sed
920 2023 1013 2097 inter
1036 2026 1185 2122 aequales
1214 2026 1284 2098 hoc
1310 2025 1408 2098 nlen-

384 2138 465 2215 tium
488 2139 652 2238 hequens
670 2136 852 2237 reperitur.
904 2138 1024 2212 Taciti
1049 2137 1193 2238 vestigia
1216 2136 1331 2238 legiffe
1355 2136 1409 2214 vi·

386 2251 478 2330 detur
505 2254 544 2330 in
575 2255 692 2330 Galba
717 2270 754 2330 et
780 2253 939 2343 Othone,
966 2253 1055 2329 item
1084 2252 1122 2328 in
1151 2252 1337 2328 Amatorio
1362 2253 1408 2327 de

392 2369 578 2468 Epponina.

427 2488 684 2566 LAMPRIAE
701 2487 881 2565 Plutarchi
906 2486 982 2578 filli,
1007 2491 1197 2594 Πλουτοῖςχκ
1212 2488 1334 2583 βιζλῖων
1349 2488 1407 2562 rri-

391 2610 445 2694 ιιξ,
469 2606 644 2681 Librorum
669 2606 839 2680 Plutarchi
864 2606 978 2680 Index.
1030 2603 1152 2700 Hujus
1176 2613 1313 2702 partem
1336 2600 1406 2701 pri·

393 2739 456 2794 nus
466 2720 625 2822 vulgant
641 2723 881 2795 Srrrnhnus
894 2717 935 2793 in·
946 2717 1251 2793 Annotationibus
1263 2718 1309 2792 ad
1322 2718 1407 2791 Plu·

392 2832 488 2908 uehi·
515 2836 676 2910 Moralia.
741 2833 879 2910 Deinde
907 2832 1100 2909 auctiorem
1129 2832 1240 2909 edidit
1274 2834 1408 2909 Hous-

394 2970 566 3038 cnrrrus,
601 2942 679 3024 fine
703 2965 823 3024 tamen
857 2948 1040 3036 mutilum,
1075 2947 1198 3023 addita
1231 2947 1409 3047 Lampriae

396 3063 503 3140 Graeca
537 3063 816 3163 prefatiuncula.
884 3056 1254 3140 Horscnnnrnnnru
1288 3089 1409 3139 exem·

392 3178 474 3271 plum
488 3177 682 3276 repetitum
702 3179 751 3254 est
778 3178 815 3252 in
831 3176 944 3252 tribus
962 3176 1178 3254 editionibus
1194 3180 1411 3254 Graeco-La·

392 3287 470 3370 thir.
503 3291 543 3369 Si
557 3317 743 3393 gentianus
758 3292 808 3367 est
824 3292 880 3366 hic
895 3294 1019 3382 index,
1038 3319 1111 3367 non
1127 3292 1224 3369 aliud
1240 3296 1411 3371 habemus

391 3403 733 3512 dePlut'archeorurn
758 3407 929 3483 librorum
947 3408 1156 3484 auctoritate
1172 3430 1207 3485 et
1226 3435 1411 3510 argumen-

388 3519 426 3596 tis
440 3522 622 3623 antiquius
639 3511 928 3599 monumentum.
981 3525 1038 3598 De
1056 3523 1225 3623 Epistola,
1247 3526 1304 3600 seu
1322 3551 1412 3624 prae·

387 3632 587 3727 nouacula,
618 3638 805 3737 Lampriae,
834 3636 988 3713 dubito:
1027 3664 1091 3714 nec
1118 3655 1244 3738 putem
1271 3639 1413 3737 abipso

386 3749 544 3850 scriptam
561 3754 640 3827 effe.
693 3755 805 3829 Index
823 3752 893 3851 ipse
911 3768 1034 3829 utrum
1056 3780 1077 3828 a
1103 3754 1269 3854 lampria
1284 3754 1414 3856 analio

385 3865 537 3957 homine,
562 3864 745 3943 eonfenus
763 3871 815 3956 tit,
842 3893 915 3943 non
937 3867 1036 3943 facile
1059 3868 1203 3944 dicam:
1230 3868 1311 3946 licet
1327 3897 1413 3947 con·

329 4031 334 4040 ι
383 3983 517 4057 firmare
532 3982 696 4057 Videatur
712 3981 834 4058 suidas
851 3980 887 4056 ln
905 3983 1029 4060 Voce:
1056 3986 1224 4088 Λαμπρίας
1239 3988 1415 4091 Πλκτοῖρχκ

383 4101 421 4171 n*
435 4101 598 4201 Xargurlue
614 4101 686 4179 υἱός·
712 4103 827 4201 ἔγραψε
841 4100 961 4173 πίνακα
983 4098 1019 4175 aiv
1043 4105 1059 4172 ὅ
1083 4102 1189 4203 narie
1207 4104 1285 4176 nu’ria'
1300 4105 1415 4204 ἷγραῷι

382 4214 449 4316 trgi
465 4217 567 4295 reim
580 4216 753 4295 ‘Ehhnvrxiie
770 4215 822 4288 nai
837 4218 1002 4311 Ῥωμαῖκῆς
1020 4217 1140 4315 fngiat·
1179 4214 1335 4290 Inliicem
1353 4240 1414 4290 ex·

385 4324 503 4401 stitifl'e
529 4325 725 4425 antiquitus
753 4328 925 4402 librorum
955 4328 1136 4404 Plutarchi
1164 4328 1226 4405 vix
1254 4332 1416 4406 dubitare

385 4465 448 4515 nos
464 4440 545 4516 finit
560 4457 664 4520 vetus
680 4443 899 4519 consuetudo
919 4445 1242 4522 Grammaticorum
1268 4446 1419 4524 studiosa

385 4556 689 4636 conficiendorum
706 4564 853 4649 nirdam,
878 4560 925 4631 de
949 4585 1021 4658 qua
1045 4586 1089 4635 ne
1110 4558 1195 4637 alios
1213 4585 1422 4656 memorem,

879 4698 936 4772 ⁰3
