3642 5492
594 623 1080 706 eRAEFATm.
1299 626 1365 711 lrii

328 814 456 891 eadem
469 811 657 891 tenuitate.
707 812 862 886 Fontem
887 814 1104 888 Externrum
1125 812 1280 890 eundem
1300 814 1365 891 baa

329 930 414 1006 buit
429 929 627 1016 stobaeum,
643 925 733 1001 forte
750 926 857 1001 etiam
874 931 910 1002 S.
926 927 1146 1033 Maximum.

378 1048 494 1143 Capta
519 1070 542 1118 a
563 1040 738 1118 Saracenis
760 1043 1092 1134 Alexandrianum
1119 1048 1206 1139 641,
1232 1044 1364 1123 interiit

327 1160 385 1235 illa
400 1158 677 1234 celebratiffimae
694 1155 796 1231 fama
811 1155 1046 1234 bibliotheca:
1067 1185 1140 1258 quo
1155 1162 1273 1256 pauo,
1291 1186 1366 1237 non

329 1274 547 1375 quaerimusz
583 1288 679 1381 certe
705 1272 849 1347 interiit.
901 1276 995 1349 Illud
1022 1276 1121 1349 haud
1146 1276 1302 1351 alienum
1320 1280 1364 1353 fit
1400 1339 1401 1342 ,

328 1415 568 1489 quaremwan
591 1388 792 1466 Plutarchei
805 1406 842 1464 et
858 1391 1006 1469 omnino
1022 1392 1268 1490 Antiquomm
1284 1391 1366 1468 libri

328 1506 431 1581 multi
449 1503 693 1581 interciderint
717 1503 775 1578 illa
796 1504 993 1579 calamitate
1008 1538 1019 1593 3
1044 1532 1090 1580 an
1107 1521 1245 1582 tantam
1262 1505 1365 1580 nobis

327 1621 483 1698 attulerit
505 1620 684 1717 jaduram
710 1634 881 1717 quantam
908 1622 1018 1720 vulgo
1044 1637 1188 1723 putant,
1214 1637 1272 1708 ut,
1301 1618 1363 1695 nili

328 1738 510 1814 interiiffet
538 1736 597 1811 illa
624 1736 851 1824 bibliotheca,
878 1738 985 1813 libros
1009 1738 1096 1835 ejus,
1123 1754 1217 1815 certe
1241 1763 1366 1815 eorum

328 1853 504 1951 exempla,
522 1850 700 1949 hodieque
715 1852 934 1929 haberemus.
986 1854 1164 1951 Equidem
1180 1854 1276 1930 haud
1291 1878 1364 1930 cre·
1445 1856 1449 1858 ’

327 1971 423 2045 dam.
477 1972 536 2045 Ac
561 1965 719 2065 primum
744 1967 891 2065 quidem
918 1968 1081 2048 credibile
1108 1968 1256 2065 estjam
1282 1982 1365 2044 ante

328 2088 584 2162 Saracenorum
601 2083 795 2159 adventurn
814 2086 947 2160 multos
969 2083 1139 2183 antiquos·
1149 2084 1222 2181 ejus
1237 2082 1366 2159 biblio·

329 2204 444 2277 thecae
459 2198 568 2275 libros
592 2197 799 2274 intercidille
814 2197 1032 2275 describendi
1049 2197 1166 2275 officio
1181 2198 1364 2297 negledo:

332 2341 500 2417 magram
523 2317 632 2393 etiam
660 2332 795 2417 partem
823 2316 1009 2404 librorum,
1043 2314 1106 2415 qui
1135 2308 1223 2390 time
1253 2328 1365 2403 erent,

331 2432 433 2509 liriffie
456 2458 566 2507 novos
593 2446 630 2510 et
655 2432 908 2510 ecclesiasticos.
960 2432 1070 2505 Porro
1094 2427 1276 2507 verifimile
1303 2427 1366 2517 est.

329 2550 369 2624 in
386 2548 453 2623 illis
469 2547 537 2647 qui
552 2563 641 2623 tunc
658 2549 883 2626 Alexandria
900 2563 998 2624 erant
1017 2545 1126 2636 libris,
1151 2560 1215 2623 aut
1233 2570 1367 2645 paucos
1460 2616 1466 2625 .

328 2659 429 2745 fulde
443 2680 509 2741 aut
527 2666 645 2744 nullos¹
662 2690 816 2763 quorum
839 2691 912 2740 non
934 2662 1021 2740 item
1043 2662 1082 2738 in
1104 2661 1242 2740 Gracia
1255 2664 1367 2739 effent

328 2782 508 2879 exempla,
528 2779 659 2877 quibus
675 2780 904 2856 describendis
916 2781 963 2855 ad
979 2778 1209 2858 recentiorem
1225 2792 1368 2866 aetatem

329 2895 516 2997 propagari
541 2895 747 2996 potuiffent.
799 2896 966 2973 Socordja
982 2900 1204 2989 Graecorum,
1228 2909 1265 2970 et
1281 2919 1367 2971 con·

330 3026 467 3089 temtus
482 3013 662 3108 bonarum
678 3012 879 3088 literarum
896 3014 1012 3088 multo
1026 3013 1104 3111 plus
1119 3011 1306 3088 valuerunt
1319 3008 1369 3087 ad

329 3141 495 3203 veterum
522 3125 694 3202 librorum
713 3127 891 3224 jaduram
918 3134 1029 3226 quam
1057 3150 1180 3202 omnes
1200 3123 1378 3215 barbarie*
1461 3211 1464 3224 ¹

330 3256 373 3321 ut
396 3242 506 3319 etiam
532 3245 555 3316 li
581 3242 738 3319 Saraceni
755 3240 821 3317 vel
833 3269 906 3318 non
922 3241 1087 3341 cepiffent
1104 3237 1368 3335 Alexandnom,

328 3363 386 3436 ael
412 3386 538 3437 omnes
562 3361 671 3437 libros
700 3360 736 3437 iu
753 3359 944 3446 ,Graeciam
970 3358 1186 3447 dimififfent,
1218 3355 1275 3435 his
1302 3379 1369 3435 noe

330 3475 428 3556 houd
443 3475 556 3578 magis
571 3476 777 3553 frueremur.

593 3684 598 3690 ’
684 3693 894 3747 SAECUL.
938 3692 1021 3747 vm.

381 3814 668 3910 JoHANan
709 3812 1077 3899 DAMAscnuus,
1122 3804 1371 3886 memorandus
1506 3830 1508 3835 ·

332 3929 447 4006 aliena
463 3928 576 4028 magis
591 3954 702 4027 quam
724 3928 785 4003 sua
805 3929 920 4003 laude.
973 3930 1016 4004 ln
1042 3924 1148 4023 hujus
1170 3920 1280 3999 Sacris
1302 3922 1383 3997 Pa.

333 4044 457 4121 rallelia
477 4044 590 4121 exstat
618 4042 794 4120 indicium
816 4041 964 4118 labentis
984 4042 1044 4121 ⁴vel
1065 4037 1227 4117 exstincti
1240 4033 1372 4137 ,potius
1410 4073 1425 4091 ·

333 4182 497 4240 veterum
523 4161 726 4238 literarum
750 4159 868 4236 studii.
921 4162 1037 4235 Locos
1055 4160 1273 4235 Communes
1290 4156 1371 4227 Sto·
1452 4170 1455 4175 ·

335 4280 434 4355 baeus
450 4305 495 4355 ex
512 4278 590 4355 solis
606 4277 775 4377 Antiquis
791 4279 978 4375 collegerat
993 4273 1229 4351 Auctoribus:
1247 4266 1372 4350 Maxi·

334 4420 417 4471 mus
445 4410 482 4471 et
506 4395 686 4472 Antonius
710 4420 755 4470 ex
783 4390 1040 4481 Eccleliallicis,
1064 4389 1227 4491 adsperfis
1250 4399 1372 4465 tamea

336 4512 517 4592 nonnullis
543 4513 789 4615 Antiquomm
817 4513 917 4614 quasi
944 4507 1112 4587 floribus:
1142 4504 1221 4603 jam
1243 4500 1372 4583 omini
