3642 5492
381 625 488 709 cxxvi
660 627 1129 710 PRAEFATIO.

378 829 526 905 testatur
554 830 587 904 se
620 829 778 904 habuitse
807 827 911 932 longe
942 827 1134 930 pleniorem
1160 829 1417 922 Mnarnrnct

380 945 687 1022 commentarium
705 975 713 1019 :
742 945 804 1046 qui
820 973 865 1022 an
883 947 919 1020 in
936 946 1069 1021 caeteris
1086 943 1209 1020 libellis
1231 937 1418 1020 Plutarchi

377 1061 588 1158 locupletior
611 1065 650 1136 fit
674 1061 792 1136 nostro
820 1065 997 1160 exemplo,
1025 1059 1170 1136 delinire
1194 1085 1267 1134 non
1289 1063 1417 1136 ausim.

377 1181 470 1255 Illud
487 1177 633 1277 quidem
659 1181 783 1254 vellem
809 1179 939 1254 fecisset
959 1183 1189 1266 Beterras,
1213 1191 1256 1252 ut
1273 1179 1416 1252 Mazi·

379 1317 498 1370 mncr
528 1295 755 1370 correctiones
782 1298 950 1394 notasque
974 1323 1047 1370 non
1073 1293 1194 1392 paucis
1221 1291 1308 1368 locis
1331 1291 1417 1366 uni·

376 1411 468 1486 verse
491 1414 723 1499 memorasset,
740 1412 798 1486 sed
816 1412 1001 1510 descriptas
1018 1411 1143 1486 diserte
1158 1411 1334 1508 pleneque
1351 1432 1416 1481 ex·

376 1526 567 1601 hibuiss'et:
605 1531 730 1602 vellem
757 1528 865 1602 etiam
894 1531 1076 1603 Savruus
1102 1540 1138 1599 et
1167 1529 1415 1610 Stracteros,

375 1667 531 1741 quorum
548 1667 653 1740 opera
669 1643 706 1717 in
723 1642 899 1717 nonnullis
912 1641 1130 1718 Plutarcheis
1142 1639 1268 1715 libellis
1280 1636 1417 1714 versata

376 1759 439 1846 est,
462 1758 754 1857 quandoquidem
781 1758 870 1858 ipsos
898 1756 990 1834 itlius
1014 1753 1271 1835 commentarii
1296 1751 1416 1828 domi·

376 1898 440 1950 nos
462 1875 618 1974 prodidit
647 1877 877 1963 Beterras,
903 1875 1057 1950 eumad
1080 1873 1271 1949 doctorum
1295 1867 1414 1944 homi-

374 2017 463 2067 num
495 1991 738 2092 cognitionem
766 1994 822 2067 vel
850 1992 1083 2067 memorando
1109 1990 1165 2062 vel
1192 1987 1416 2084 excerpendo

376 2109 613 2202 celebrassent.
666 2111 790 2197 Nune,
816 2109 961 2208 quando
978 2133 1051 2181 non
1068 2103 1147 2178 satis
1164 2117 1259 2178 certa
1273 2095 1417 2176 videtur

375 2227 442 2297 esse
476 2226 521 2299 de
551 2221 778 2322 locupletiore
809 2225 905 2322 apud
934 2220 1142 2297 duumviros
1175 2219 1250 2293 illos
1277 2216 1416 2292 servato

374 2339 516 2437 scripto,
544 2365 606 2414 nos
632 2343 797 2414 Voffiano
816 2337 977 2414 contenti
991 2335 1125 2411 suimus
1141 2334 1334 2431 exemplo;
1359 2329 1417 2404 id·

375 2481 445 2552 que
464 2452 585 2526 multis
611 2453 695 2527 locis
721 2455 895 2528 medelam
919 2479 960 2528 ac
976 2455 1093 2526 lucem
1109 2449 1276 2538 attulisse,
1302 2445 1422 2548 pluri,

373 2592 441 2640 mae
459 2567 495 2641 in
513 2567 626 2642 nostra
645 2566 811 2642 Editione
825 2567 962 2668 pagina
980 2567 1183 2642 ostendunt.
1283 2625 1290 2638 .

833 2787 865 2878 §.
898 2809 953 2858 11.

460 2935 510 3000 De
525 2933 561 2998 iis
576 2933 626 3020 qui
635 2933 874 3022 posseasuerurrt,
886 2933 1033 3019 praeripue
1044 2935 1077 2997 dc
1093 2931 1131 3022 J.
1144 2931 1183 3022 J.
1202 2929 1329 3014 Rrilkso.

424 3085 585 3160 Fuerunt
603 3084 766 3182 deinceps
783 3085 819 3158 in
835 3085 950 3158 Gallia
966 3084 1030 3182 qui
1048 3086 1283 3160 Plutarchum
1300 3083 1417 3174 edere,

372 3216 464 3273 certe
492 3197 848 3274 anirnadversronibus
879 3201 1066 3273 emendare
1095 3218 1203 3299 atque
1233 3197 1416 3288 illustrare,

373 3315 522 3411 possent,
541 3312 759 3388 eruditiffimi
776 3313 840 3387 viri
858 3341 1013 3412 quorum
1030 3341 1115 3390 cum
1127 3313 1250 3388 studiis
1266 3316 1335 3390 hoc
1352 3341 1417 3388 ne·

372 3427 513 3528 gotium
546 3430 648 3526 plane
689 3429 922 3523 conjunctum
955 3429 1146 3518 videretur,
1187 3432 1416 3520 Parnvrus,

371 3669 390 3696 ‘¹
403 3663 487 3720 ticien
502 3665 540 3721 du
554 3664 674 3742 premier
683 3661 770 3732 ordre,
792 3662 812 3721 il
826 3662 927 3722 semble
941 3663 1037 3724 reunir
1048 3665 1117 3724 dana
1130 3663 1158 3722 sa
1176 3661 1308 3742 personne
1321 3671 1417 3724 toules
1457 3651 1462 3664 ⁵

369 3767 388 3795 “
403 3761 441 3818 lea
462 3763 618 3819 conditione
640 3760 757 3839 requisea
778 3781 850 3839 pour
867 3761 976 3821 soumir
993 3785 1032 3820 un
1051 3763 1185 3822 excellent
1202 3762 1417 3822 commentaire

369 3862 437 3913 “au
460 3857 597 3934 Dialogue
619 3857 663 3916 sur
683 3859 711 3916 la
730 3859 870 3936 Musque.
903 3861 949 3918 See
970 3863 1143 3939 Rernarques
1160 3859 1206 3917 sur
1222 3871 1266 3928 eet
1279 3859 1417 3938 Ouvrage

369 3959 389 3986 “
403 3952 463 4010 sont
477 3973 512 4010 au
526 3959 643 4012 nombre
662 3957 695 4014 de
716 3959 779 4034 prbr
800 3959 834 4014 de
852 3967 950 4035 quatre
967 3959 1058 4036 vingt,
1075 3967 1104 4016 et
1121 3967 1293 4034 nutantque
1309 3955 1368 4034 j'en
1387 3959 1416 4018 ai

370 4055 388 4082 “
403 4068 442 4124 pu
459 4045 542 4124 juger
555 4069 588 4106 en
604 4051 642 4107 lea
655 4063 822 4128 parcourant
845 4055 905 4128 (car
917 4053 982 4112 ellea
996 4053 1057 4112 sont
1072 4053 1170 4112 &ritca
1189 4055 1256 4112 d'un
1276 4053 1418 4114 ermetem

370 4153 387 4180 ¹‘
404 4148 421 4202 fi
437 4146 475 4203 fin
490 4149 550 4204 etsr
569 4149 625 4206 mal
645 4149 744 4220 forms,
766 4173 820 4230 que
836 4175 867 4210 ce
885 4154 951 4210 n’esl
969 4173 1019 4230 pas
1036 4173 1075 4210 un
1092 4153 1230 4210 mediocre
1243 4151 1342 4210 travail
1357 4171 1417 4229 que

370 4252 388 4277 ‘¹
401 4245 462 4300 d'en
477 4245 595 4321 pouvoir
608 4245 754 4304 dechiffrer
767 4250 948 4326 quelqu'une)
970 4251 990 4306 il
1008 4271 1029 4327 y
1046 4269 1080 4308 en
1099 4251 1262 4328 aplufieurs
1283 4250 1333 4327 qui
1347 4267 1417 4308 rou-

370 4347 387 4372 “
403 4341 460 4396 lent
475 4341 518 4397 sur
532 4342 558 4398 la
572 4343 722 4400 correction
734 4346 859 4406 ducente
871 4346 952 4412 Grec,
967 4345 1150 4423 precisdment
1159 4349 1229 4405 dane
1239 4347 1278 4404 lea
1288 4346 1417 4426 passages

369 4441 387 4468 “
401 4437 450 4514 qui
466 4437 621 4511 presentent
635 4439 673 4496 les
687 4442 802 4516 grandes
816 4441 966 4501 difficulte'ea
987 4463 1040 4519 par
1057 4455 1171 4522 rapport
1184 4448 1203 4503 a
1214 4443 1242 4503 la
1256 4442 1364 4504 thedrie
1377 4445 1416 4504 de

370 4537 388 4564 ‘⁴
403 4531 552 4590 l'ancicnne
567 4535 721 4612 allusrque.'¹

343 4923 503 5077 ,Λ
