3642 5492
384 572 442 647 cvi
669 571 1132 652 PRAEFATIO.

381 757 484 842 dum,
516 771 688 855 quantam
717 761 790 852 ejus
820 759 926 832 obitu
951 756 1126 854 jacturam
1151 756 1296 866 fecerint
1325 784 1412 844 cnm

381 871 547 947 universa
570 875 673 947 bona
699 872 840 959 Literae,
866 889 946 948 tum
969 899 1052 949 vero
1076 873 1256 950 Plutarchi
1272 873 1413 974 scripta,

379 985 581 1083 interceptis
608 984 764 1062 secundis
793 984 883 1064 curis
911 1013 997 1087 quas
1026 988 1121 1062 haud
1150 1003 1280 1064 temere
1304 1005 1417 1088 putes

380 1101 660 1186 frumofissimas
676 1101 824 1188 futuras,
850 1102 994 1199 quando
1018 1101 1145 1200 priores
1161 1127 1254 1177 eura
1271 1117 1411 1180 tantam

372 1221 580 1314 ,ubertatem
608 1218 933 1316 abundantiamque
954 1218 1167 1294 habuerant.
1218 1220 1300 1318 Ego
1329 1217 1409 1292 lane

380 1337 410 1412 sr¹
434 1333 644 1433 quibusdam
674 1333 711 1407 in
737 1333 821 1410 locis
848 1334 927 1431 plus
954 1329 1028 1406 vidi
1061 1331 1309 1420 Xraannno,
1339 1334 1411 1410 hoc

379 1473 543 1545 magnam
560 1464 693 1543 partem
710 1444 770 1545 ipo
787 1445 895 1522 debui
911 1445 1159 1534 Xraannnm
1176 1445 1240 1546 qui
1251 1445 1347 1525 viam
1363 1448 1411 1525 ad

378 1559 558 1637 Plutarchi
586 1559 850 1659 intelligentiam
877 1559 1013 1659 primus
1039 1559 1182 1659 posteris
1213 1560 1407 1660 patefecit:

377 1675 485 1751 debui
511 1674 617 1762 etiam
646 1702 762 1761 rerum
792 1702 950 1752 mearum
975 1676 1182 1765 conditioni,
1212 1704 1293 1776 quae
1318 1676 1410 1756 mihi

377 1815 451 1863 non
474 1792 634 1880 eandem,
663 1816 735 1890 qua
755 1791 809 1866 ille
832 1793 1030 1880 tenebatur,
1057 1790 1240 1868 festinandi
1266 1792 1409 1870 necesti-

377 1920 490 1980 tatem
518 1904 696 2004 imposuit,
748 1909 980 1986 Xranuuan
1011 1909 1035 1984 li
1064 1907 1102 1983 io
1131 1910 1254 1986 eadem
1282 1908 1409 2010 condi.-

377 2019 473 2094 tione
491 2020 617 2109 hrillet,
635 2035 777 2112 tantum
801 2021 962 2097 effecisset
979 2047 1032 2110 ea,
1057 2048 1129 2124 qua
1143 2025 1296 2113 mlebat,
1321 2026 1410 2101 doc·

377 2134 480 2222 trina,
506 2152 560 2224 ut,
586 2135 674 2226 mibi
696 2135 842 2236 quidem
859 2137 959 2236 quod
978 2138 1045 2212 hac
1066 2163 1145 2224 mett
1162 2137 1410 2228 mediocritate

376 2251 414 2324 in
441 2254 632 2328 Plutarcho
659 2277 798 2351 agerem
825 2250 873 2329 nil
900 2249 1081 2339 relicturus,
1109 2252 1208 2338 hriffe
1231 2252 1407 2342 videatur.

378 2369 569 2461 Ceterum,
597 2368 680 2460 alios
706 2367 883 2460 Plutarchi
908 2367 1055 2452 editores
1078 2385 1112 2446 et
1130 2369 1336 2472 interpretes
1350 2372 1411 2450 dix

373 2479 460 2577 ligo,
486 2496 627 2579 propter
651 2480 755 2555 studii
782 2480 1093 2556 communionem:
1132 2484 1410 2578 Xuannununr

376 2593 483 2686 etlam
508 2620 601 2682 amo,
625 2611 767 2693 propter
791 2596 899 2672 animi
928 2596 1000 2694 ejus
1024 2599 1224 2688 candorem,
1249 2602 1407 2699 probita-

375 2728 463 2802 tem,
493 2714 721 2806 honestatem,
756 2740 906 2816 quarum
933 2714 1109 2791 virtutum
1139 2716 1318 2795 manifesta
1344 2745 1407 2797 ex·

375 2828 466 2905 stant
483 2830 625 2920 indicia,
650 2833 793 2914 cumin
816 2831 947 2932 scriptis
970 2832 1047 2919 viri,
1074 2845 1154 2907 tum
1178 2832 1215 2908 in
1240 2847 1317 2908 tota
1332 2834 1407 2932 ejus

375 2947 458 3023 vita.
510 2950 660 3035 Accedit
686 2950 954 3042 commiseratio,
984 2975 1064 3048 quae
1093 2949 1194 3049 saepe,
1221 2966 1263 3026 ut
1288 2953 1404 3039 aiunt,

374 3069 593 3148 conciliatrix
618 3068 668 3145 est
692 3068 829 3152 amon's,
881 3069 997 3142 Doleo
1013 3065 1130 3146 vinam
1152 3082 1225 3152 tam
1240 3067 1406 3164 dotium,

376 3197 451 3257 tam
468 3186 617 3272 bonum,
643 3183 680 3272 in
703 3198 801 3274 tanta
825 3184 956 3281 semper
971 3181 1069 3257 fuitse
1087 3180 1134 3257 rei
1152 3177 1327 3256 familiaris
1341 3206 1407 3257 ane

362 3297 498 3395 ‚gustia
524 3314 565 3376 ut
591 3324 635 3385 ne
658 3297 727 3395 ipse
751 3298 897 3396 quidem
921 3295 1050 3393 scripto
1076 3322 1153 3369 eam
1176 3295 1221 3369 ad
1239 3293 1404 3378 omnium

373 3411 538 3489 notitiam
567 3415 711 3510 prodere
737 3412 926 3487 dubitaret.
978 3410 1099 3485 Veluti
1127 3410 1161 3484 in
1192 3407 1410 3498 dedicatoria¹

371 3528 516 3625 epistola
542 3530 588 3601 ad
616 3529 872 3608 Lubovrcun
903 3523 1082 3600 Comitem
1111 3521 1325 3612 Palatinum,
1358 3538 1403 3614 ut

372 3646 444 3739 ejus
460 3643 633 3718 auxilium
656 3642 831 3741 implorat,
856 3654 898 3727 ut
923 3641 997 3735 ejus
1018 3637 1260 3730 liberalitatem
1284 3637 1408 3728 omme

371 3762 437 3834 bus
463 3760 623 3858 precibus
647 3757 835 3858 efflagitatr
862 3754 962 3855 atqui
988 3769 1075 3835 tunc
1098 3778 1160 3852 per
1186 3755 1404 3852 quatuorde-

371 3875 440 3957 cim
465 3902 572 3956 annos
598 3872 794 3967 Profelioris
816 3900 948 3953 munus
971 3871 1218 3971 Heidelbergae
1242 3871 1404 3970 gelferat,

371 3993 462 4088 Qua
479 3988 676 4087 liberalitas,
694 3993 760 4075 sive
776 3987 844 4064 suit
861 3990 946 4077 ulla,
971 3990 1038 4078 srve
1056 3987 1126 4061 sera
1142 3984 1225 4074 tuit,
1252 4010 1323 4060 non
1339 4012 1404 4061 va-.

371 4104 437 4176 luit
453 4106 496 4177 ad
514 4106 738 4179 recreandum
763 4103 944 4179 hominem
969 4104 1163 4190 afflictum
1190 4117 1230 4186 ut
1248 4100 1318 4214 ipse
1335 4106 1404 4218 fig-

369 4223 510 4296 nificare
536 4220 675 4295 videtur
704 4223 741 4295 in
770 4222 923 4321 Epistola
956 4223 1003 4295 ad
1034 4221 1264 4297 Bafileenses:
1304 4238 1403 4309 certe

369 4334 497 4421 fractis,
522 4361 584 4432 per
609 4334 790 4409 continuas
808 4360 979 4409 aerumnas
1003 4350 1037 4408 et
1063 4334 1185 4409 nimias
1202 4332 1402 4423 studiorum

371 4451 640 4539 lucubrationes,
667 4450 819 4550 corporis
837 4451 981 4540 viribus,
1010 4451 1148 4539 biennio
1169 4451 1287 4554 postea
1303 4450 1406 4542 diem
