3642 5492
377 479 475 556 xxxii
659 475 1124 558 PRAEFATtO.

373 662 512 762 quiores
528 677 639 748 erant,
656 687 721 737 nec
738 679 816 737 tam
829 659 929 738 facile
944 687 1002 736 me
1019 660 1275 748 dimittebant:
1299 659 1410 758 corti·

371 778 529 876 piebant,
547 796 582 851 et
599 776 709 852 veluti
727 776 889 852 debitum
906 803 928 852 a
943 803 1001 852 me
1017 776 1227 877 exigebant:
1254 789 1281 823 “
1300 779 1410 852 Heus

375 894 484 966 “tul
513 893 700 992 ecquando
726 895 933 968 Plutarchus
954 891 1112 990 prodibit
1128 893 1167 964 ?'’
1218 891 1410 981 Dicebam,

371 1009 534 1082 nondum
557 1007 679 1083 omnia
702 1007 790 1082 mihi
816 1010 883 1083 effe
907 1022 1029 1106 parata
1050 1010 1097 1082 ad
1121 1007 1254 1104 justam
1276 1007 1409 1084 editio·

372 1148 478 1211 nem,
505 1149 670 1222 magnam
687 1139 721 1198 et
734 1123 866 1198 variam
884 1126 951 1198 effe
968 1149 1121 1221 operam,
1139 1122 1409 1212 emendationis,

371 1238 679 1336 interpretationis,
698 1253 885 1338 apparatus
897 1237 1066 1314 doc‘trinae
1082 1239 1283 1339 colligendi,
1298 1264 1412 1338 porro

372 1354 482 1429 varias
504 1354 669 1429 lestiones
692 1380 888 1454 congerere,
917 1354 1052 1430 Indices
1078 1357 1264 1446 conficere,
1285 1354 1411 1434 omnia

372 1469 526 1568 denique
548 1469 714 1570 digerere.
767 1472 867 1544 Tum
885 1470 947 1558 illi,
973 1484 998 1517 “
1018 1472 1077 1544 Da
1093 1471 1193 1568 quod
1208 1472 1328 1558 habes,
1354 1496 1410 1546 re·

373 1599 398 1631 “
418 1585 517 1684 liqua
531 1585 706 1684 supplebis
723 1587 832 1660 altera
847 1585 1023 1659 editione:
1051 1587 1228 1661 utendum
1244 1585 1294 1660 est
1308 1585 1410 1684 inge-

373 1715 398 1748 “
418 1698 478 1774 nio
506 1717 542 1774 et
573 1699 773 1800 elegantia:
812 1725 885 1774 non
911 1699 1057 1774 obscura
1084 1700 1148 1774 ista
1175 1714 1210 1774 et
1237 1699 1417 1786 laboriosa

372 1831 398 1866 ‘⁸
417 1817 609 1918 diligentia.
660 1816 852 1893 Enimvero
877 1815 1065 1914 indignum
1091 1815 1142 1890 est
1166 1815 1298 1890 liberali
1320 1817 1408 1890 doc·

373 1949 397 1984 “
419 1936 508 2011 trina
530 1937 714 2037 negotium
738 1935 874 2013 Indices
896 1937 1081 2020 conficere,
1107 1932 1215 2008 varias
1240 1934 1410 2024 lestiones

373 2068 398 2099 “
416 2072 451 2128 et
474 2056 657 2131 materiam
683 2080 891 2153 congerere:
921 2054 988 2126 hoc
1007 2077 1069 2149 per
1092 2048 1176 2124 alios
1200 2053 1380 2150 agendum
1391 2083 1406 2140 :²

373 2180 524 2244 “tuum
551 2168 603 2254 est
632 2170 790 2243 ordinare
820 2160 1040 2256 nrateriarn.”
1091 2165 1190 2265 Qid
1222 2166 1409 2264 responde·

373 2284 474 2355 rem?
501 2286 636 2369 Multa,
655 2283 756 2356 sane:
785 2283 894 2356 modo
910 2282 1030 2356 audire
1048 2280 1246 2382 voluissent.
1295 2284 1410 2382 Qrod

372 2394 459 2468 milri
478 2398 517 2468 fit
534 2394 730 2482 confilium,
748 2422 828 2493 quae
842 2392 951 2467 animi
968 2392 1150 2481 sententia,
1165 2418 1260 2468 nunc
1277 2392 1409 2471 dicam.

375 2507 451 2583 Diu
469 2508 635 2607 estquod
659 2510 754 2586 illam
776 2507 903 2608 ingenii
924 2510 1067 2602 laudem
1089 2507 1277 2584 consedari
1297 2509 1407 2584 delii:

376 2627 398 2697 s1
427 2624 547 2720 sponte
577 2625 745 2724 sequitur,
774 2624 934 2722 accipio:
972 2629 1020 2698 srn
1048 2624 1177 2712 minus,
1208 2650 1281 2698 non
1306 2649 1408 2700 curo.

374 2739 532 2812 Omnem
554 2740 641 2814 mihi
659 2743 799 2816 laudern
819 2741 854 2814 in
873 2740 1052 2815 honestate
1069 2739 1256 2816 constitui:
1283 2742 1410 2816 hones·

374 2870 485 2927 tatem
503 2852 538 2928 in
554 2857 730 2954 explendo
746 2855 863 2930 officio
879 2858 1030 2952 positam
1046 2852 1224 2943 existim0,
1249 2856 1409 2932 officium

373 2970 544 3066 proficisci
560 3000 581 3045 a
595 2971 676 3046 vitae
694 2997 831 3071 genere,
855 2972 915 3046 seu
931 2973 1149 3060 muneribus,
1175 3000 1254 3072 quae
1272 2974 1328 3047 vel
1345 2999 1414 3046 na*

375 3104 454 3157 tura
476 3084 577 3158 nobis
601 3088 711 3175 dedit,
738 3091 793 3162 vel
817 3088 960 3162 fortuna
987 3093 1112 3187 (quarn
1138 3089 1263 3163 rectius
1282 3089 1408 3164 Provi-

368 3196 531 3270 dentiam
549 3205 730 3296 vocemus)
750 3203 805 3275 vel
819 3203 922 3276 suum
940 3204 1070 3300 cuique
1080 3201 1276 3299 judicium:
1295 3201 1409 3280 veluti

374 3326 501 3384 natura
527 3310 720 3410 unicuique
747 3316 905 3390 nostrum
932 3317 1214 3392 tribuitmunus
1240 3316 1409 3406 hominis,

374 3426 481 3503 civis:
518 3427 672 3518 fortuna,
703 3430 778 3504 aliis
805 3431 884 3521 alia,
914 3434 1002 3509 mihi
1029 3433 1299 3532 professoriam:
1335 3431 1430 3530 ipse*

375 3543 463 3617 mihi
485 3546 620 3620 alsumsr
647 3572 777 3620 munus
800 3548 926 3621 edendi
960 3546 1159 3623 Plutarchi:
1186 3549 1254 3621 hoc
1273 3546 1410 3642 adoles·

375 3685 455 3732 cens
473 3659 615 3760 suscepi,
638 3678 768 3760 putans
792 3686 851 3737 me
876 3662 1010 3760 aliquid
1026 3662 1203 3738 facultatis
1220 3663 1348 3736 habere
1364 3679 1411 3736 ut·

375 3799 520 3847 munere
549 3777 637 3849 bene
664 3778 817 3877 gerendo
843 3778 918 3852 aliis
946 3779 1154 3874 prodessem.
1205 3779 1288 3874 Jam
1313 3779 1337 3852 fi
1360 3778 1408 3852 ad

374 3886 564 3986 ingenii-ac
578 3889 716 3965 virtutis
732 3892 890 3967 frustum
912 3892 1077 3988 pertinet,
1104 3889 1283 3966 Plutarchi
1302 3887 1407 3966 intel·

375 4004 557 4103 ligentianr
587 4006 843 4102 expeditiorem
874 4004 1000 4094 reddi3
1042 4005 1229 4078 honesturn
1259 4003 1311 4078 est
1337 4005 1443 4090 hoe‘

374 4146 529 4208 munus,
554 4133 590 4193 et
606 4122 628 4195 s:
646 4120 832 4220 honestum
848 4119 910 4208 est,
934 4118 1076 4195 honeste
1092 4118 1178 4192 item
1194 4115 1326 4214 expleri
1341 4119 1415 4192 ds
1448 4149 1453 4156 ·

376 4240 459 4310 bet:
488 4235 559 4325 seu,
584 4258 625 4310 ut
642 4235 737 4311 idem
759 4235 832 4311 aliis
849 4234 963 4310 verbis
986 4234 1116 4322 dicam,
1142 4231 1300 4307 officium
1317 4231 1406 4321 mirsi

376 4351 437 4443 est,
463 4354 535 4431 hoe
555 4378 685 4430 munus
706 4354 797 4428 reste
814 4375 925 4452 agere.
976 4348 1276 4455 Prinrumigitm,
1301 4372 1346 4434 ne
1360 4349 1407 4434 de
