3642 5492
377 626 437 689 cliv
745 619 1038 688 INDEX

380 881 528 959 Codices
555 879 671 983 scripti
700 897 844 973 veteres,
874 900 909 958 et
942 882 1165 984 singularium
1189 881 1412 960 Libellorum

501 982 683 1069 editiones,
701 984 844 1096 quibus,
862 1000 986 1083 praeter
1002 984 1059 1059 illa
1084 985 1193 1060 modo
1215 998 1412 1058 memorata

500 1082 647 1158 subsidia
663 1082 886 1171 Editionum,
913 1082 1185 1170 collectionum,
1211 1098 1247 1156 et
1271 1084 1410 1157 versio·

501 1209 601 1268 num,
626 1182 661 1254 in
676 1182 813 1282 singulis
829 1181 991 1279 deinceps
1014 1181 1159 1258 Libellis
1184 1177 1411 1256 emendandis

379 1287 384 1296 '
499 1298 534 1355 et
559 1280 784 1379 explanandis
820 1286 869 1357 usi
894 1280 1024 1356 sumus.
1077 1279 1248 1379 Xylandri
1271 1281 1410 1354 Versro·

500 1405 594 1468 nem,
628 1381 673 1452 ad
703 1383 851 1480 fingulos
884 1380 1038 1455 Libellos
1067 1391 1259 1455 memorare
1292 1377 1409 1454 nolui·

500 1505 605 1567 mus3
642 1481 774 1576 quippe
799 1504 907 1579 quarn
938 1479 974 1555 in
1007 1481 1073 1554 hac
1099 1478 1214 1554 nostra
1237 1478 1408 1554 Editioue

499 1577 736 1677 repetivimus,

879 1733 904 1775 1.

695 1808 770 1915 slepi
787 1803 913 1887 uuidar
929 1803 1086 1911 ἀγωγῆς.

668 1932 721 1999 De
742 1934 918 2000 Educatione
937 1949 1101 2021 puerorum.

376 2054 455 2117 Falso
469 2067 500 2116 ut
514 2055 656 2117 Plutarchi
669 2055 802 2136 scriptum
815 2055 911 2116 fertur.

376 2141 492 2197 Codices
511 2137 605 2216 scripti
622 2140 651 2197 ix
671 2158 688 2198 a
708 2140 787 2196 nobis
807 2139 932 2215 primum
953 2137 1089 2195 adhibiti:
1112 2133 1262 2214 Pm'jicryis
1275 2142 1407 2214 qttatuor,

415 2223 453 2277 A.
465 2221 499 2277 C.
511 2222 550 2279 D.
558 2222 591 2278 E.
614 2220 758 2278 Britannici
769 2221 834 2287 duo,
848 2219 929 2277 Harl.
943 2219 1031 2298 5612,
1044 2228 1072 2276 et
1087 2216 1183 2296 Colleg.
1198 2217 1272 2276 Nou.
1302 2215 1408 2294 llsoscu·

376 2300 687 2457 coilisiisddopridiiiiui
697 2300 1070 2447 iiiiiioriliiiiiatdmbrbiiddsin
1090 2378 1195 2438 nostroe
1211 2376 1277 2437 usus
1290 2395 1407 2437 eonveo

415 2462 502 2518 timus
521 2471 657 2538 qtratuor:
687 2470 742 2519 tres
764 2481 799 2518 ex
819 2461 950 2519 Editione
971 2461 1143 2530 Fabriciana,
1165 2459 1368 2538 Auguthuum
1389 2477 1409 2517 ι

414 2542 577 2599 Schneidero
589 2543 732 2599 collatum.

374 2617 474 2679 Latine
488 2621 578 2677 verlirs
593 2621 700 2679 libellus
715 2620 871 2679 aGuarino
883 2621 1041 2691 veronens,
1061 2622 1151 2680 editus
1171 2640 1236 2679 cum
1254 2618 1321 2677 aliia
1339 2619 1408 2677 Plu·

414 2701 531 2758 tarcheis
552 2701 651 2758 libellis
668 2703 769 2760 Latine
786 2703 875 2770 versu,
892 2703 1061 2780 Mogontiae‚
1085 2715 1170 2780 1520,
1193 2700 1285 2758 sonna
1301 2699 1409 2759 duode-

412 2781 506 2837 cima:
530 2782 660 2858 repetitus
682 2782 711 2839 in
733 2782 874 2840 Basileenfi
890 2783 994 2841 Latina
1013 2784 1156 2841 Moralium
1172 2781 1295 2840 editione
1317 2795 1407 2860 1541.

411 2860 513 2918 Versus
526 2862 612 2919 etiam
626 2882 643 2919 a
657 2862 687 2921 F.
699 2862 833 2929 Fabricio,
846 2865 880 2922 de
894 2883 951 2941 quo
965 2866 1100 2941 proxime.

372 2941 515 2999 Erlitiones
530 2943 679 3020 peculiares
692 2945 725 3001 eri
739 2945 846 3011 multis,
867 2964 931 3022 quae
944 2943 1017 3012 sunt,
1037 2964 1157 3022 quamm
1175 2961 1311 3001 numenio
1324 2940 1408 3020 supe·

413 3024 478 3080 riori
492 3044 567 3081 anno
579 3025 685 3081 duabus
700 3023 797 3082 nudius
810 3025 848 3082 est
861 3026 940 3083 novis
953 3025 1129 3093 editionibus,
1144 3024 1232 3082 altera
1245 3023 1276 3080 iu
1290 3023 1408 3082 Britan·

412 3106 469 3169 nia,
489 3104 574 3162 altera
588 3105 687 3181 Lipsiae
701 3104 791 3163 sada:
814 3126 847 3162 ex
861 3108 991 3163 omnibus
1006 3107 1092 3182 igitur
1104 3104 1291 3183 peculiaribus
1304 3103 1407 3164 editio·

413 3185 494 3241 nibus
509 3195 563 3241 tres
577 3185 687 3242 idoneae
701 3187 852 3262 reperimus
866 3187 967 3262 quibus
980 3197 1130 3244 uteremur.

371 3260 466 3319 Prima
487 3264 610 3339 Francrsti
627 3265 738 3322 Fabricii
757 3264 953 3333 Marciorum,
973 3266 1155 3343 Antwerpiae‚
1177 3263 1263 3344 1563.
1289 3267 1317 3327 8.
1338 3285 1406 3326 cum

412 3343 526 3399 enuditis
540 3345 827 3413 animadversionibus,
847 3356 875 3402 et
897 3348 1126 3423 Interpretatioue
1139 3347 1244 3405 Latina
1255 3346 1407 3424 elegantiae

412 3422 479 3479 item
495 3442 526 3479 ac
539 3423 691 3499 diligentiae
705 3427 779 3481 haud
793 3426 932 3501 vulgaris:
955 3439 1009 3485 tues
1030 3428 1130 3486 habuit
1149 3428 1257 3485 codices
1276 3427 1406 3505 scriptos,

411 3514 438 3559 et
459 3503 614 3559 Vcrfionem
636 3505 764 3571 Guarini‚
782 3525 816 3561 ex
834 3506 936 3582 quibus
952 3507 1066 3567 subinde
1087 3508 1156 3585 quid
1177 3507 1277 3565 auxilii
1297 3507 1407 3584 promit

409 3584 585 3660 expediendis
599 3584 665 3642 locis
678 3585 835 3643 difficilibus
849 3609 856 3642 z
878 3587 983 3645 codices
997 3590 1046 3665 qui
1060 3586 1210 3665 qualesque
1224 3586 1330 3645 suerint
1345 3607 1406 3648 nou

410 3666 519 3740 prodit;
542 3675 663 3723 necerat
677 3666 722 3723 hic
736 3686 797 3723 mos
811 3666 885 3723 illius
899 3667 1000 3726 aetatis.

369 3744 467 3802 Altera
487 3745 524 3802 est
543 3745 610 3821 Juc.
624 3745 743 3803 Friderici
761 3747 917 3825 ldrfirrgrrr',
939 3748 1047 3825 Lipsiae,
1072 3761 1157 3825 1743.
1176 3747 1204 3805 8.
1225 3763 1293 3804 cnm
1313 3747 1408 3808 doctis

410 3826 523 3899 quidem
545 3827 832 3893 animadversionibus,
852 3838 885 3883 ut
906 3828 1091 3897 adolescentis,
1111 3829 1249 3886 necdum
1262 3828 1317 3886 riri
1332 3849 1407 3906 qua·

409 3903 463 3959 lein
478 3926 541 3962 curn
554 3908 735 3983 cognovimus
748 3929 781 3964 ex
795 3908 917 3965 editione
930 3910 977 3966 illa
990 3910 1123 3986 praeclara
1143 3908 1288 3968 Ciceronis
1300 3909 1336 3966 de
1349 3909 1407 3968 Of·

410 3981 488 4039 ficiis.
517 3986 660 4044 Lediiones
677 3990 802 4045 codicum
815 3988 979 4066 scriptorum
997 4009 1053 4047 non
1068 3988 1167 4048 habuit
1181 3989 1232 4046 nist
1247 3989 1408 4068 Lugdunu-

409 4062 587 4123 Batavorum.
616 4068 629 4123 l
631 4069 707 4142 gitur
719 4069 798 4126 nobis
812 4089 868 4127 non
883 4071 1005 4127 multum
1020 4070 1136 4148 prosuit,

368 4138 463 4199 Tertia
477 4144 609 4202 editorem
624 4150 704 4204 habet
717 4148 783 4222 Joh.
798 4151 832 4207 G.
849 4149 1033 4219 Schraidcrum,
1051 4151 1144 4208 virum
1157 4147 1357 4218 doctiffimum,
1373 4151 1407 4212 iu

408 4221 513 4279 Gracia
526 4223 613 4281 literis
626 4246 690 4282 cum
705 4228 784 4286 laude
798 4228 946 4287 versatum.
976 4232 1081 4288 Prodiit
1094 4233 1123 4289 A
1174 4231 1289 4298 ntorati,
1315 4243 1372 4308 177
1375 4245 1406 4310 5.

409 4302 436 4358 8.
451 4323 515 4359 cum
531 4305 808 4366 arrimadvcrsronibus
825 4310 937 4366 editoris
958 4321 985 4366 et
1005 4312 1089 4368 variis
1106 4310 1131 4367 le
1162 4311 1274 4367 ionibus
1287 4311 1418 4378 Codicis,

407 4384 564 4458 Augustani
578 4408 583 4440 :
607 4387 655 4462 qui
671 4388 733 4463 quis
746 4399 774 4444 et
787 4390 879 4467 qualis
892 4392 925 4448 tit
938 4410 994 4450 non
1010 4392 1152 4450 monitum
1167 4392 1333 4469 reperimus.
