3642 5492
367 653 438 702 cm
652 631 1116 708 PRAEFATIQ

368 813 420 887 nis
438 815 538 887 laude
556 815 730 889 obrueret.
764 817 855 917 Qiis
873 817 957 891 huic
973 815 1169 916 repetitioni
1186 817 1402 892 edomanda

368 957 388 1002 a
406 931 604 1027 bibliopolis
622 931 724 1006 suerit
741 933 938 1030 praefedlus,
955 951 1078 1008 utrum
1096 933 1164 1030 ipse
1181 935 1403 1020 Rau-nnus,

368 1073 413 1118 an
438 1046 523 1120 alius
546 1048 657 1120 homo
675 1049 813 1135 dollus,
839 1048 1004 1148 equidem
1022 1049 1160 1124 nescio:
1189 1052 1402 1126 Rursxrus

368 1165 583 1237 Ruainusr
609 1161 706 1236 luisse
730 1162 946 1260 suspicatur:
973 1166 1072 1263 quod
1088 1189 1154 1262 ego
1171 1165 1404 1238 nulloadhuc

369 1278 444 1352 satis
469 1279 596 1352 idoneo
611 1281 830 1354 documento
849 1281 1007 1378 judicare
1024 1283 1139 1379 potui.
1191 1283 1315 1358 Multa
1337 1281 1403 1354 ha·

368 1399 429 1470 bet
459 1395 622 1469 vanitatis
648 1413 683 1470 et
712 1397 953 1472 ostentationis
975 1398 1104 1472 indicia
1126 1401 1202 1474 haec
1223 1395 1400 1494 repetitio.

368 1512 526 1598 Titulus,
552 1527 726 1609 quatenus
743 1529 902 1587 mutatus
918 1514 981 1602 est,
1007 1519 1051 1588 fic
1067 1517 1172 1588 habet
1188 1513 1402 1612 z-Ejusdcm

368 1631 539 1702 Plutarchi
564 1631 642 1702 liber
675 1631 715 1702 de
749 1632 934 1704 Flauiorum
969 1631 1189 1728 tantamne
1218 1631 1402 1716 nominibus,

368 1746 501 1817 antehac
517 1772 574 1816 uon
591 1747 720 1818 edc'tas:
745 1771 813 1817 cum
828 1747 968 1839 verylaue
982 1762 1013 1818 et
1030 1749 1108 1819 natis
1125 1747 1293 1842 Mauffaci.
1335 1749 1402 1818 Ac-

368 1864 450 1934 cedit
468 1890 547 1935 uuuc
569 1867 702 1958 priaucm
727 1865 896 1936 Plutarchi
912 1867 988 1936 Vita
1011 1891 1051 1937 ex
1070 1866 1133 1960 ipsa
1153 1880 1185 1934 at
1199 1865 1272 1934 aliis
1287 1862 1403 1962 utrius-

369 2005 426 2079 que·
440 1984 554 2077 lingua
573 1979 790 2075 Scriptaribus,
814 2006 836 2051 a
861 1980 981 2069 Jaaane
1006 1979 1134 2052 Raaldo
1155 1981 1283 2050 callalla
1299 1975 1402 2076 diges-

367 2112 472 2194 taque.
536 2095 683 2192 Ejruilem
719 2095 844 2166 Rualdi
875 2094 1165 2186 Animaduerstaues
1196 2091 1247 2164 ad
1272 2093 1403 2190 infigrria

370 2212 540 2285 Plutarchi
555 2213 730 2301 σφάλματα
745 2211 822 2302 save
843 2212 992 2308 lapſsancs
1011 2235 1044 2282 11
1063 2227 1093 2282 et
1113 2233 1209 2282 axx.
1262 2209 1406 2282 Luceria

370 2329 570 2419 Parfioruru.
624 2323 717 2422 {apti
748 2329 870 2423 Regiis,
898 2327 988 2421 apud
1005 2327 1186 2426 sacietatem
1217 2323 1404 2398 Graecarrtm

370 2443 549 2516 Eclr'u'ouam
569 2463 771 2512 nincxxrv.
825 2439 866 2511 In
885 2440 1012 2512 eodem
1030 2438 1137 2513 titulo
1154 2435 1265 2512 exstat
1282 2437 1404 2536 imago

369 2553 562 2640 Plutarchi,
588 2552 739 2626 scilicet!
769 2554 1057 2652 chalcographico
1081 2554 1227 2651 pillurae
1250 2552 1405 2630 artificio

368 2671 548 2766 expressa,
575 2667 759 2742 inficetum
785 2670 971 2768 negotium
992 2686 1028 2744 et
1050 2668 1202 2768 ploranti
1226 2671 1405 2746 monacho

369 2785 595 2861 simillimum.
648 2784 814 2882 Sequitur
839 2785 956 2884 imago
982 2784 1157 2860 Ludovici
1175 2785 1282 2872 Xlll,
1308 2809 1405 2884 equo

368 2901 545 2976 insidentis
571 2915 606 2973 et
632 2900 745 2974 hostes
763 2899 799 2973 in
818 2926 941 2998 pugna
957 2898 1147 2974 sternentis.
1202 2897 1305 2974 Tum
1321 2923 1405 2972 vero

368 3019 477 3091 ctiam
513 3015 713 3103 Dedicati0,
750 3019 943 3090 Francorum
976 3033 1006 3088 et
1037 3016 1290 3089 Navoa-aarum
1321 3016 1408 3112 Rege·

369 3133 614 3226 Chrstiauiffimo
633 3135 799 3206 Ludovico
815 3134 928 3227 XIII,
946 3131 1045 3224 Jtssc,
1059 3129 1273 3220 IuviHrffimO,
1279 3127 1406 3228 semper

369 3255 462 3348 Augu
488 3280 528 3323 a:
554 3254 656 3346 plena
682 3247 948 3322 mendaclllimae
971 3243 1205 3320 adulationis:
1231 3241 1405 3340 subscrip·

368 3385 446 3438 tum
466 3365 565 3438 estin
590 3368 659 3439 fine
684 3389 813 3437 nomen
838 3363 1039 3459 bibliopolae
1066 3359 1142 3436 Tua
1158 3361 1330 3458 Mcp‘eslatr'
1342 3357 1405 3430 ad·

368 3485 555 3574 dr'rlffimus,
582 3485 768 3555 humillimus
794 3510 832 3554 ac
852 3481 1048 3575 fideliffimrcs
1061 3480 1224 3580 subditus,
1252 3477 1406 3549 Antonius

370 3605 556 3699 Stephanus,
575 3603 634 3696 sua
660 3621 690 3674 ct
716 3604 876 3672 Societatis
902 3603 1030 3672 narniae.
1081 3595 1182 3697 Quid
1209 3591 1310 3690 quod
1334 3589 1405 3688 ipse

369 3716 493 3789 titulus
524 3716 560 3789 in
588 3718 666 3788 loco
696 3714 740 3785 de
766 3715 993 3787 llluussaco
1021 3712 1155 3807 duplex
1177 3705 1406 3782 mendacium

364 3831 499 3921 jactat?
534 3857 658 3930 quum,
676 3828 834 3900 libellum
862 3829 905 3899 de
937 3825 1162 3900 Fluminibus
1188 3823 1323 3897 antehac
1345 3847 1407 3894 aava

371 3949 486 4017 alitum
505 3946 618 4042 prodit
634 3981 644 4034 3
672 3945 734 4042 qui
747 3945 821 4039 jam
840 3943 1004 4040 luperiori
1022 3940 1222 4040 repetitioni
1234 3941 1407 4036 adjectus,

371 4059 465 4155 prius
483 4061 598 4134 editus
615 4079 701 4146 erat,
720 4087 782 4134 nec
800 4077 918 4132 tamen
936 4059 1090 4156 primum
1106 4059 1151 4131 ab
1168 4057 1242 4155 ipso
1259 4057 1409 4132 Maus·

372 4177 484 4246 su'co.
538 4178 620 4270 Janr
646 4179 714 4248 hoc
737 4173 898 4248 festivum
927 4174 988 4261 est,
1015 4174 1072 4246 sed
1096 4188 1217 4247 tamen
1240 4171 1294 4246 isti
1317 4195 1409 4244 cum

316 4325 322 4338 ·
371 4288 483 4385 priore
504 4289 709 4385 repetitione
732 4316 935 4375 commune,
960 4290 1059 4386 quod
1082 4288 1119 4362 in
1141 4290 1324 4363 Moralium
1340 4311 1410 4361 vo·

373 4405 504 4478 lumine
523 4405 578 4478 ille
597 4405 711 4478 minor
724 4404 831 4480 index
844 4405 1055 4478 mendorum
1071 4401 1411 4502 typographicorum

373 4521 732 4619 emendationumque
766 4519 1009 4612 addititiarum
1047 4517 1245 4617 simpliciter
1284 4516 1414 4594 denuo
