3642 5492
634 661 1103 746 PRAEFATIO.
1279 664 1390 743 cxxxi

386 850 418 928 lt
430 851 504 954 quod
520 857 709 930 Rsrsrero
727 854 910 940 debeatur,
928 854 1099 952 quodque
1112 852 1186 948 ejus
1203 853 1386 952 proprium

386 974 427 1059 lit,
439 999 470 1047 ne
482 971 566 1046 forte
584 988 647 1045 aut
665 998 793 1070 parum
808 987 870 1046 aut
888 970 1041 1045 nimium
1057 971 1191 1045 censeat
1178 986 1247 1046 t.ur

421 1094 461 1164 lle
472 1087 624 1187 primurn
642 1083 801 1187 quidem,
827 1090 1025 1187 complures
1043 1087 1148 1161 libros
1166 1114 1239 1161 non
1253 1085 1386 1188 attigit,

382 1206 552 1305 paginarum
580 1205 691 1284 totius
718 1203 831 1306 operis
859 1207 930 1282 fere
954 1209 1210 1307 quadrantem.
1243 1206 1280 1279 hi
1304 1204 1386 1279 sunt

381 1323 423 1396 De
446 1327 654 1412 educatione,
691 1321 965 1425 Apophthegmata
1003 1327 1125 1424 Regum
1168 1340 1198 1396 et
1241 1323 1385 1410 Ducum,

380 1441 619 1542 Apopbtbegmata
635 1442 808 1528 Laconica,
829 1443 977 1532 Itstituta
987 1441 1159 1528 Laconica,
1174 1440 1386 1513 Lacaenarum

378 1555 632 1655 Apopbtbegmata,
649 1556 748 1629 Mtd'
719 1562 829 1629 lteram
844 1560 998 1643 Virtutes,
1018 1556 1207 1654 Qaestiones
1219 1555 1386 1640 Romana,

380 1666 534 1762 Quaestiones
558 1672 693 1744 Graecae
721 1675 889 1745 Parollela
917 1673 1032 1744 Graeca
1054 1685 1085 1743 et
1108 1674 1278 1743 Romarm:
1304 1682 1386 1740 tum

375 1807 434 1857 rero
456 1787 491 1860 hi
517 1812 563 1861 ex
592 1767 755 1861 interiore
783 1787 955 1875 doctrina,
987 1790 1047 1862 De
1070 1787 1169 1874 Fato,
1201 1787 1387 1880 Quaestiones

374 1895 535 1989 Naturales,
562 1902 621 1975 De
637 1904 735 1975 Vultu
758 1906 791 1975 in
818 1904 892 1976 orbe
915 1905 1031 1991 Luna,
1061 1902 1246 1997 Quaestiones
1271 1904 1318 1975 Pl
1302 1907 1385 1975 lato·

373 2015 437 2101 tce,
454 2017 509 2088 De
524 2018 635 2089 Animi
637 2022 840 2116 generatione
854 2045 892 2091 ex
910 2018 1027 2092 Timeo
1043 2021 1203 2104 Platonis,
1223 2019 1282 2090 De
1294 2019 1387 2091 Com·

371 2131 485 2207 mabar
499 2133 641 2207 Notitiis
657 2134 811 2234 adversus
829 2138 945 2208 Stoicos
961 2133 1116 2233 partim;
1144 2134 1202 2206 De
1217 2133 1286 2206 Mu
1297 2159 1359 2205 ica.

408 2243 532 2322 Deinde
549 2274 684 2337 earum,
703 2277 783 2348 quae
802 2249 895 2339 sunt,
918 2250 1275 2325 Animadversronum
1292 2262 1387 2321 certe

371 2353 483 2436 senriffis
496 2362 670 2458 ejusmodi
687 2365 749 2453 est,
775 2381 816 2440 ut
835 2391 908 2439 non
925 2366 971 2439 ad
995 2363 1279 2439 emendationem
1298 2362 1386 2435 refe·
1447 2356 1450 2362 ’

370 2489 477 2566 rantur,
502 2477 560 2552 sed
590 2478 840 2556 contineantur
870 2481 1002 2556 notulis
1030 2479 1211 2569 historicis,
1237 2505 1385 2580 geogra-

370 2587 468 2682 plicis,
488 2591 660 2682 literariis,
685 2597 730 2668 de
751 2596 970 2684 hominibus,
997 2596 1095 2685 locis,
1121 2596 1384 2696 Scriptoribus3

370 2726 431 2800 qua
452 2711 594 2798 notulae,
620 2725 664 2784 ut
689 2737 734 2784 ex
756 2712 971 2811 pervulgatis
998 2713 1092 2787 libris
1117 2713 1253 2813 petitae,
1279 2713 1386 2787 utiles

371 2819 489 2916 quidem
515 2823 681 2915 indoctis,
708 2853 780 2901 non
806 2827 906 2902 facile
939 2855 960 2901 a
987 2830 1101 2903 doctis
1134 2828 1382 2928 requirantur:

372 2933 491 3014 subinde
514 2968 661 3042 quoque
685 2945 927 3035 correctiones,
954 2961 1057 3020 antea
1081 2946 1196 3020 obiter
1221 2946 1321 3018 faclae
1339 2946 1385 3018 ab

371 3049 547 3133 hominibus
564 3060 724 3148 cruditis,
743 3089 787 3134 ex
806 3088 930 3135 eorum
948 3061 1043 3134 libris
1058 3061 1283 3135 adferuntur:
1303 3058 1385 3134 sub·

326 3169 329 3230 ἱ
372 3167 433 3242 inde
454 3171 538 3248 item
562 3174 632 3248 loci
659 3178 829 3249 Veterum
856 3202 876 3248 a
900 3177 1095 3251 ¹Plutarcho
1118 3177 1174 3247 vel
1198 3171 1386 3247 memorati

371 3287 411 3360 tel
431 3291 607 3392 significati
634 3296 678 3368 ad
706 3295 783 3368 suos
812 3298 986 3370 Auctores
1012 3293 1233 3367 referuntur:
1267 3293 1323 3366 sed
1346 3289 1385 3365 hi

370 3395 422 3474 irre
434 3403 507 3482 sunt
522 3425 558 3483 et
576 3409 646 3482 loci
664 3407 808 3483 illustres
824 3423 932 3506 atque
951 3406 1143 3505 conspicui,
1161 3421 1196 3479 et
1210 3407 1384 3479 Autiores

372 3537 434 3594 tum
464 3523 637 3622 principes
678 3541 758 3599 tum
790 3526 1026 3622 plurimorum
1061 3521 1125 3595 usu
1157 3520 1383 3618 frequentati,

327 3637 331 3676 '
371 3629 537 3728 Homerus,
564 3639 765 3737 Euripides,
795 3641 1012 3737 Xenophon,
1043 3637 1187 3711 similes:
1225 3634 1384 3731 perditos

370 3769 536 3874 tutumque
554 3754 729 3854 reliquias,
755 3771 816 3829 aut
841 3755 1080 3853 philosophos,
1108 3750 1269 3851 quamvis
1286 3750 1384 3847 prin·

334 3859 452 3960 (ipis,
490 3869 691 3957 Platonem,
736 3870 977 3954 Aristotelem,
1020 3883 1183 3952 caeteros,
1227 3889 1384 3962 quorum

370 3979 540 4059 mximum
569 3984 621 4059 est
648 3986 694 4059 ad
719 3983 901 4060 Plutarchi
927 3981 1201 4082 intelligentiam·
1221 4005 1383 4055 momen-

335 4145 337 4150 ·
369 4103 438 4185 turn,
463 4125 535 4175 non
561 4101 679 4202 legisse
706 4101 850 4177 videtur
878 4104 1095 4189 Rnrsrerus,
1126 4115 1220 4174 certe
1247 4102 1383 4176 nullam

336 4247 350 4290 .·
366 4231 400 4284 tx
412 4211 448 4286 iis
464 4216 656 4292 Plutarcho
675 4243 783 4316 opem
799 4217 934 4292 attulit.
988 4219 1088 4290 Tota
1112 4217 1187 4290 haec
1207 4215 1382 4288 Animad-

334 4375 338 4382 ·
364 4331 537 4406 ttrlionum
562 4359 642 4432 pars
666 4335 780 4408 valere
802 4348 941 4433 poterat
961 4333 1008 4406 ad
1024 4333 1260 4407 minuendum
1283 4334 1381 4405 labo

335 4495 337 4500 -
363 4463 420 4568 rem
434 4445 551 4524 futuro
566 4449 745 4525 editori
714 4473 748 4524 er
759 4477 822 4549 qur
810 4449 954 4524 subito
968 4447 1127 4524 existeret
1142 4473 1183 4524 ac
1195 4447 1383 4548 negotium

838 4564 891 4640 iz
