3642 5492
372 667 435 751 xiv
655 670 1119 756 PRAEFATIO.

371 853 513 932 dunum
529 855 742 933 Batauorum
755 856 834 931 veni
850 857 895 930 ad
910 854 1097 933 veriffimos
1110 854 1308 935 Litcrarum
1325 860 1407 938 oos-

373 983 506 1043 trarum
522 967 703 1055 antistites,
716 997 737 1044 a
748 971 880 1069 quibus
895 968 1059 1048 interiora
1070 972 1161 1048 sacru
1176 974 1409 1072 perciperem,

374 1087 719 1160 Vnrcrcounnrun
737 1101 772 1159 et
791 1090 1111 1166 Ruunrtuururr:
1132 1115 1287 1187 quorum
1302 1089 1407 1172 illum

258 1284 264 1295 θ
372 1215 454 1280 anto
482 1224 611 1276 novem
635 1226 746 1276 annos
771 1202 873 1282 nobis
899 1200 1027 1302 cripuit
1054 1204 1195 1281 fatum:
1231 1208 1327 1282 hunc
1351 1207 1406 1282 vi·

371 1333 479 1415 gente
494 1315 531 1392 in
548 1315 723 1393 senectute
740 1318 841 1396 nobis
862 1318 971 1394 servat
993 1322 1105 1408 Deus,
1128 1338 1166 1402 et
1189 1337 1231 1397 ut
1250 1322 1315 1402 diu
1336 1322 1405 1399 ser.

372 1448 445 1520 vet,
469 1458 553 1509 cum
574 1454 642 1531 ego
665 1431 805 1530 pietatis
827 1448 862 1513 et
885 1433 1013 1513 amoris
1034 1436 1150 1511 cauffo
1165 1460 1299 1536 precor,
1323 1450 1406 1518 tum

371 1573 494 1623 omnes
509 1573 652 1629 mecum
668 1548 868 1630 Literarum
887 1562 927 1629 et
948 1548 1308 1631 humanitatis-cauffo
1323 1577 1404 1651 pre·

371 1683 498 1746 cantur
521 1663 619 1738 boni.
644 1767 647 1770 .
672 1662 787 1762 Igitur
810 1662 982 1740 antistites
1006 1664 1114 1746 nostri
1137 1690 1282 1765 operam
1303 1692 1406 1750 amo

370 1782 410 1858 in
427 1782 616 1858 Plutarcho
630 1796 666 1858 et
682 1785 831 1882 posrtarn
848 1783 1059 1880 probabant,
1082 1797 1118 1859 et
1141 1809 1246 1882 porro
1268 1809 1403 1883 ponen-

371 1901 456 1976 dam
472 1897 681 1974 suadebant:
701 1895 757 1971 sed
773 1897 907 1976 diverso
920 1915 1071 1997 uterque
1088 1899 1210 1975 modo.
1236 1901 1404 1976 Vnocrr·

375 2039 538 2093 rnnnro
562 2014 735 2111 placebat,
761 2014 945 2113 singulares
963 2011 1141 2089 Plutarchi
1160 2012 1295 2089 libellos
1309 2014 1406 2113 sepa-

372 2130 477 2205 ratim
491 2128 656 2230 deinceps
674 2129 844 2227 quosdam
862 2128 920 2203 edi
935 2128 1154 2204 uberioribus
1171 2128 1430 2205 Animadver-‘

372 2245 526 2322 sionibus
542 2244 726 2325 illustratos
742 2245 787 2324 ad
803 2246 954 2328 modurn
976 2243 1082 2320 libelli
1100 2246 1141 2318 de
1159 2249 1237 2319 Sera
1254 2245 1406 2320 Numriu's

374 2365 553 2441 Vrirdr'tlar
578 2363 852 2448 nourr-mro,
878 2360 1091 2442 omninum
1116 2360 1282 2435 Editione
1303 2387 1404 2437 com·

373 2474 541 2577 prehendi
572 2475 751 2551 Plutarchi
781 2475 919 2574 scripta,
944 2474 1313 2557 Animadverfionibus
1340 2478 1403 2566 ud·

371 2591 455 2667 ditis
472 2588 633 2690 quamvis
648 2590 878 2667 brevioribus.
930 2592 1111 2668 Habebat.
1121 2591 1197 2665 sane
1222 2577 1405 2690 utriusque

371 2708 437 2783 viri
454 2704 566 2782 oratio
583 2707 682 2806 quod
698 2732 754 2779 me
773 2720 940 2781 moveret.
973 2708 1017 2782 In
1030 2709 1404 2788 VArcrcrrunnrnun

370 2826 533 2923 frequens
557 2839 630 2897 erat
659 2820 746 2897 illud
775 2825 869 2919 γιόθι
898 2831 1028 2897 coortu:
1061 2848 1133 2895 non
1161 2821 1312 2899 nimium
1337 2826 1406 2898 else

371 2940 612 3041 pollicendum
635 2937 673 3023 in
697 2963 800 3036 opere
823 2936 892 3011 scre
916 2936 1066 3023 infinito,
1088 2938 1187 3034 quod
1211 2936 1322 3031 majus
1336 2938 1405 3011 else

370 3084 482 3157 quam
506 3082 572 3155 pro
592 3054 698 3139 unius
714 3054 868 3129 hominis
884 3054 958 3127 uita
973 3066 1009 3127 et
1027 3055 1144 3126 labore
1163 3082 1172 3127 ε
1199 3054 1294 3151 poffe
1311 3052 1404 3150 peri.

355 3177 493 3268 culum
510 3170 583 3249 fieri
600 3171 636 3252 in
654 3170 881 3270 frngularibus
898 3168 1110 3245 Plutarcheis
1131 3166 1280 3256 libellis;
1307 3181 1403 3257 tum,

371 3294 394 3366 sr
412 3292 501 3364 bene
516 3287 731 3373 successisset,
755 3287 970 3386 progreli'um
985 3285 1031 3367 ad
1047 3284 1214 3379 majorem
1238 3280 1406 3360 omnium

370 3432 518 3506 operum
544 3402 738 3481 editionem
763 3402 942 3502 integrum
964 3400 1049 3488 fore,
1073 3425 1183 3500 quam
1206 3397 1309 3476 semel
1332 3398 1401 3474 sus·

370 3542 510 3620 ceptam
526 3534 560 3593 et
578 3516 789 3592 ostentatam
799 3519 984 3616 deponere,
1003 3542 1135 3594 vanum
1152 3540 1192 3592 ac
1206 3528 1308 3610 turpe
1321 3515 1402 3588 effe.

370 3642 622 3715 Ruunrrnnrr
642 3631 844 3727 hujusmodi
861 3631 1009 3714 rationes
1034 3653 1154 3710 erant:
1183 3630 1231 3703 nil
1249 3655 1321 3703 non
1339 3655 1403 3704 au-

369 3755 527 3833 dendum
545 3753 611 3826 hac
628 3774 707 3823 mea
724 3762 839 3833 aetate,
858 3749 924 3820 hoc
942 3746 1082 3822 studio:
1109 3747 1306 3842 complures
1324 3744 1339 3840 j

369 3896 463 3945 ame
478 3868 587 3943 rectos
604 3866 777 3945 Auctores
794 3863 874 3949 effe,
899 3887 919 3934 e
944 3860 1074 3959 quibus
1091 3863 1211 3936 luxae
1228 3858 1405 3936 medicina

369 3983 563 4061 Plutarcho
586 3992 786 4079 quaeratur:
820 4002 882 4075 per
908 3977 983 4051 duo
1003 3976 1079 4071 jam
1106 3964 1228 4050 l‘aecula
1252 3999 1404 4072 operum

369 4100 443 4198 ejus
461 4094 625 4172 omnium
644 4094 824 4172 meliorem
850 4090 1030 4172 desrderari
1047 4088 1264 4165 editionem:
1290 4115 1405 4188 quam

369 4220 429 4297 etsr
458 4213 576 4292 miuus
603 4209 770 4292 omnibus
797 4204 950 4283 numeris
979 4205 1175 4282 absolutam
1203 4203 1403 4292 effociffem,

370 4331 545 4432 quidquid
568 4328 600 4404 ei
625 4328 766 4413 deeffet,
791 4329 860 4400 hoc
886 4324 1039 4422 ipsorum
1058 4320 1234 4398 Plutarchi
1252 4346 1405 4420 operum

369 4476 453 4524 curn
472 4444 719 4547 magnitudine
735 4440 954 4527 excusatum,
980 4455 1059 4513 tum
1085 4436 1283 4534 praestantia
1302 4461 1402 4511 com·

371 4564 554 4669 pensatum
581 4560 633 4635 iri.
685 4557 852 4635 Persuasit
877 4557 1174 4641 Ruuurconrun
1200 4550 1298 4649 cujus
1325 4575 1405 4634 orae
