3642 5492
373 627 449 707 un
655 630 1123 712 PRAEFnTro

360 813 460 908 fiatis
481 815 713 910 ouaestontns,
728 841 766 916 p.
779 821 864 914 624,
880 819 925 894 e.
963 822 1021 895 ux
1037 817 1164 894 eodem
1180 841 1301 919 opere,
1314 816 1404 896 item
1445 799 1448 804 ’

371 958 392 1002 e
412 936 495 1003 Vitis
510 929 705 1029 aliquoties,
731 931 854 1008 omiffo
873 932 1052 1010 Plutarchi
1068 931 1225 1021 nomine,
1241 959 1329 1011 eum
1344 935 1409 1008 de·

370 1044 507 1134 scribit3
532 1046 631 1145 quod
647 1045 713 1122 suis
730 1047 815 1122 locis
832 1047 1046 1123 notabimus.
1099 1067 1102 1076 ·

419 1160 665 1236 AELIANUS
691 1163 918 1237 Plutarchum
940 1162 1114 1262 nusquam
1136 1160 1322 1238 nominat:
1350 1175 1409 1238 ta·

370 1299 453 1350 men
479 1274 575 1350 haud
600 1300 713 1374 pauca
735 1276 853 1374 capita
877 1303 923 1352 ex
946 1277 1007 1352 illo
1032 1276 1089 1352 vel
1113 1274 1323 1376 transcripsit
1346 1275 1411 1350 ves

368 1389 604 1466 adumbravit.
654 1393 742 1469 Hoc
769 1391 807 1466 iu
830 1391 931 1468 variis
953 1389 1103 1468 historiis
1126 1390 1259 1491 purtim
1280 1395 1408 1468 Panr·
1431 1411 1434 1416 ’

372 1527 523 1580 zonrus
548 1503 676 1606 aliique
700 1505 903 1606 interpretes
929 1521 1118 1590 notarunt..
1161 1508 1205 1582 In
1226 1529 1335 1604 opere
1358 1505 1407 1580 de

277 1655 281 1662 ¹
371 1620 511 1694 Natura
527 1620 745 1697 Aumatium
761 1624 857 1698 haud
874 1622 992 1698 minus
1019 1623 1100 1696 sunt
1122 1619 1305 1718 manifesta
1322 1619 1407 1695 imi·

370 1734 513 1810 tationis
535 1735 689 1838 vestigia.
739 1739 808 1814 Sed
830 1741 960 1813 horum
986 1737 1049 1812 suo
1077 1736 1237 1837 quidque
1263 1738 1409 1814 Plutar-

370 1852 460 1928 theo
474 1853 555 1926 loco
571 1851 834 1948 explicabimus.
1060 1895 1063 1900 -
1087 1915 1091 1922 .

421 1967 515 2042 DlO
531 1968 728 2042 CASSIUS
744 1964 1060 2042 duos-nominatim
1075 1964 1254 2041 Plutarchi
1266 1963 1408 2064 profert

371 2084 481 2168 locos,
510 2083 540 2159 F
542 2107 649 2182 ragm.
678 2081 820 2159 Peiresc.
846 2080 996 2167 xxxviii,
1024 2106 1069 2154 ex
1094 2084 1176 2154 Vita
1200 2081 1336 2178 Pyrrhi,
1362 2097 1404 2155 et

372 2195 522 2286 cxxxiii,
539 2223 585 2272 ex
602 2202 744 2295 Pompeii
763 2202 848 2274 Vita.
883 2195 966 2274 Alia
980 2195 1134 2293 ejusdcm
1152 2195 1279 2271 Dionia
1297 2197 1410 2297 Frag-

371 2328 492 2386 menta
523 2315 620 2400 οὲὶο,
660 2311 870 2388 Peiresciana
910 2311 1176 2398 cxxi-cxxiv,
1214 2310 1409 2386 Urfiniana

370 2426 748 2502 clxxxiii-clxxxvie
772 2425 953 2500 Plutarchi
976 2430 1075 2525 Sylla,
1100 2426 1226 2501 omisso
1242 2425 1409 2516 nomine,

368 2539 549 2638 descripta.
598 2544 691 2642 Quae
718 2555 759 2614 ut
784 2540 947 2615 assentior
969 2545 1185 2630 Remitto,
1217 2567 1406 2641 perperam

373 2655 483 2730 Dioni
501 2653 634 2731 tributa
650 2657 729 2744 csse,
755 2655 804 2732 ita
819 2655 860 2729 in
876 2656 951 2729 aliis
967 2655 1116 2732 historia
1134 2657 1294 2756 partibus
1311 2655 1409 2733 Dio·

371 2797 491 2846 neme
509 2773 702 2848 Plutarcho
717 2770 909 2872 profecisse,
936 2787 972 2847 et
990 2772 1063 2872 ipsa
1078 2800 1130 2848 roa
1146 2773 1313 2862 ostendit,
1339 2799 1409 2850 nee

372 2892 594 2963 Rumrnnus
614 2905 730 2987 negat.
1212 2949 1216 2956 .

421 3006 680 3081 ORlGENES
709 3007 843 3080 Contra
869 3007 1011 3080 Celsum
1037 3031 1074 3093 v,
1098 3031 1135 3104 p
1158 3033 1243 3105 521,
1267 3006 1332 3107 qui
1357 3033 1413 3082 ex

372 3119 613 3196 Fcclefiasticis
629 3119 873 3218 scriptoribus,
891 3121 1037 3219 primus,
1055 3123 1153 3220 quod
1170 3122 1288 3211 sciam,
1316 3126 1406 3198 Plu·

373 3234 724 3323 tarchumnominat,
742 3236 848 3310 libros
865 3237 938 3332 ejus
952 3239 1021 3340 περὶ
1039 3227 1144 3335 duxit
1162 3252 1350 3315 memorat.

420 3352 691 3426 LONGINUS
717 3377 788 3424 non
814 3354 962 3451 quidem
983 3350 1081 3426 iniis
1107 3379 1188 3450 quae
1214 3353 1403 3452 supersunt

373 3466 448 3562 ejus
472 3465 622 3564 reliquiis
654 3465 830 3544 Plutarchi
857 3466 1089 3541 mentionem·
1104 3467 1212 3542 fecit:
1249 3485 1284 3544 at
1314 3470 1409 3569 quin

372 3583 499 3681 scripta
515 3582 586 3678 ejus
603 3581 785 3681 diligenter
803 3582 922 3680 legerit
945 3582 1108 3655 dubitare
1133 3609 1195 3655 nos
1222 3609 1293 3658 non
1311 3585 1409 3674 sinit,

374 3725 459 3774 curn
477 3698 618 3774 rationis
640 3714 675 3771 et
700 3695 864 3770 orationis
887 3697 1090 3782 similitudo,
1118 3715 1199 3772 tum
1224 3699 1410 3776 manifesta

374 3813 578 3889 imitationis
612 3811 779 3912 vestigia:
812 3813 909 3910 quod
944 3828 979 3886 ct
1014 3816 1302 3908 Runnnnrawa
1330 3817 1410 3890 ani·

375 3928 576 4016 madvertit,
608 3944 644 4003 et
674 3954 737 4002 nos
767 3927 972 4003 monuimus
1003 3928 1207 4002 incensum
1237 3930 1410 4007 editionis

374 4047 624 4132 Tourrnnffi,
648 4043 873 4119 Bibliotheca
896 4043 1036 4120 Criticae
1061 4043 1251 4124 Volumina
1272 4046 1412 4143 primo,

375 4162 480 4238 Parte
499 4158 612 4233 tertia.

424 4275 758 4350 PORPHYRIUS
777 4273 933 4370 inopere
951 4275 1008 4347 De
1025 4272 1260 4362 Abstinentia,
1286 4275 1409 4350 nomi·

378 4391 489 4464 natim
511 4391 735 4465 Plutarchum
752 4390 910 4475 laudans,
928 4389 1075 4486 longum
1092 4389 1204 4463 adsert
1221 4393 1343 4464 locum
1360 4419 1410 4467 ex

375 4505 470 4582 libris
495 4508 553 4582 Da
574 4511 710 4583 Solertia
731 4508 923 4582 Animaliunt
945 4519 980 4581 et
1003 4504 1062 4580 De
1080 4504 1229 4579 Comitem
1250 4506 1330 4607 Este,
1356 4505 1411 4594 iii,
