3642 5492
607 640 1073 720 PRAEFATIO.
1282 650 1365 726 cxix

317 839 433 914 estus,
459 851 547 902 cnm
573 824 752 925 antiquior
778 827 931 914 videtur,
957 843 1040 902 tum
1070 854 1153 905 vero
1181 831 1298 928 plures
1327 848 1363 910 et

318 943 550 1022 Plutarcheos
568 942 704 1017 libellos
721 957 756 1016 et
775 943 883 1015 bonas
900 943 1065 1016 lectiones
1083 945 1254 1019 continet.

374 1063 467 1162 Ergo
484 1060 634 1134 minime
650 1061 932 1134 contemnendus
955 1059 1005 1133 est
1028 1061 1086 1135 hic
1101 1062 1275 1138 variarum
1292 1064 1362 1139 lec·
1415 1151 1419 1158 .

322 1174 463 1252 tionum
498 1175 626 1264 Index,
663 1200 728 1249 nec
760 1173 976 1270 abjiciendus
1007 1191 1193 1276 tamquam
1227 1177 1363 1279 farrago

326 1290 602 1392 quisquiliarum,
628 1307 671 1367 ut
699 1288 811 1364 facere
840 1317 881 1366 ac
907 1290 1021 1366 dicere
1051 1292 1212 1367 nonnulli
1236 1293 1359 1368 solent.

329 1409 393 1482 Sed
406 1407 443 1482 hi
455 1408 525 1482 fere
542 1408 624 1482 sunt
641 1404 666 1480 ii
682 1406 744 1504 qui
758 1405 875 1480 subito
888 1406 1051 1482 editionis
1063 1409 1360 1484 emendationisve

335 1523 464 1599 confilio
491 1521 529 1597 in
555 1525 653 1598 hunc
683 1522 844 1599 Iudicem
871 1539 1058 1623 tamquam
1085 1525 1121 1601 in
1147 1526 1298 1625 segetem
1324 1528 1358 1602 se

340 1639 514 1735 conjiciunt
548 1639 613 1714 ubi
645 1641 858 1737 pabulentur
892 1666 933 1713 ac
965 1641 1165 1716 breviffimo
1199 1659 1358 1739 tempore

345 1755 505 1830 alestam
521 1753 714 1852 scriptionis
738 1754 922 1828 materiam
945 1755 1115 1831 auferant.
1169 1755 1360 1831 Enimvero

347 1891 466 1968 campus
491 1869 552 1945 hic
579 1868 630 1944 est
657 1868 819 1944 horridus
844 1887 879 1944 et
905 1870 1061 1945 incultus
1086 1870 1150 1945 ubi
1166 1872 1230 1944 sub
1245 1872 1360 1948 herbis

349 2007 382 2060 rc
393 1984 482 2084 spinis
498 1988 631 2061 lateant
647 1984 789 2072 semina,
813 2012 894 2084 quae
910 2012 995 2060 cum
1018 1985 1154 2082 judicio
1172 1987 1308 2061 delecta
1323 2001 1361 2061 et

351 2117 455 2194 curata
488 2104 587 2178 haud
620 2104 925 2177 contemnendum
960 2100 1071 2178 ferant
1105 2102 1361 2176 emendationis

351 2215 488 2298 menn.
541 2220 636 2298 Haec
653 2217 776 2293 Editio
792 2219 845 2293 bis
862 2218 1026 2317 deinceps
1046 2217 1196 2316 repetita
1212 2219 1274 2307 est,
1301 2244 1360 2294 eo·

352 2333 416 2410 den
438 2337 611 2433 exemplo,
642 2336 769 2410 eodem
796 2334 1006 2435 paginarum
1030 2360 1071 2409 ac
1097 2333 1262 2410 versuum
1290 2360 1359 2409 nu·

350 2473 435 2539 mero,
458 2453 582 2526 eadem
614 2465 782 2549 typorum
811 2450 947 2538 forma;
988 2450 1051 2525 nisi
1077 2451 1177 2549 quod
1208 2467 1359 2551 utraque

349 2567 482 2664 repetitio
496 2566 634 2667 aliquid
651 2593 752 2642 novae
769 2566 965 2642 acceffionis
983 2566 1121 2642 habuit.

386 2682 489 2760 Prima
505 2680 670 2782 repetitio
686 2681 778 2756 sada
794 2682 857 2770 est,
874 2687 906 2757 in
923 2685 1044 2776 ‹fficina
1056 2684 1207 2758 Danielis
1223 2711 1263 2757 ac
1279 2684 1359 2757 Da-

349 2795 417 2874 stat
440 2799 632 2873 Aubriorum
660 2816 692 2872 et
726 2800 891 2872 Clementis
927 2799 1100 2886 schleichit
1136 2800 1359 2898 Francofurti,

349 2910 409 2986 nso
431 2917 534 2990 1620.
588 2913 725 2988 Omiffa
749 2913 812 3001 est,
839 2913 877 2988 in
903 2939 984 2987 meo
1009 2913 1156 3011 quidem
1181 2916 1364 3013 exemplo,v

349 3024 479 3122 prelatio
504 3030 551 3104 ad
577 3031 854 3104 Vusconrunr:
881 3028 1024 3126 ejusque
1049 3031 1129 3103 loco
1153 3028 1220 3101 alia
1238 3029 1361 3104 addita

347 3141 382 3216 sd
402 3145 565 3222 Senatum
588 3144 752 3221 Civitatis
777 3143 1074 3220 Francofurtanae.
1126 3143 1287 3223 Additus
1308 3144 1360 3220 est

347 3255 442 3350 etism,
466 3260 636 3338 nimirum
661 3280 704 3336 ut
728 3262 803 3335 haec
828 3259 951 3336 Editio
969 3260 1121 3359 priorem
1139 3258 1255 3359 aliqua
1272 3261 1358 3336 dote

345 3369 504 3472 hotmen
531 3377 678 3477 spurius,
704 3377 767 3477 qui
790 3377 855 3452 sub
873 3376 1054 3453 Plutarchi
1071 3376 1217 3451 nomine
1235 3375 1358 3465 fertur,

345 3485 454 3568 libellus
469 3496 511 3568 de
529 3495 738 3581 Fluminibus,
764 3520 849 3568 cum
866 3494 1030 3592 Matffrci
1050 3493 1151 3567 Notis
1173 3507 1209 3567 et
1229 3494 1358 3583 Judicio

345 3604 560 3685 &Plutarcho
589 3627 621 3684 et
644 3614 710 3710 q'us
725 3612 869 3709 scriptis.
923 3612 966 3684 In
991 3611 1059 3682 hoc
1075 3607 1232 3703 Judicio,
1258 3605 1358 3704 quod

342 3721 529 3816 nahuonis
543 3722 658 3798 instar
683 3724 790 3798 Notis
812 3722 1055 3821 premittitur,
1081 3722 1187 3795 docta
1211 3719 1358 3818 quidem

342 3833 381 3909 ell
399 3839 601 3939 loquacitas,
623 3838 814 3935 judicium,
840 3839 1004 3914 criticum
1027 3853 1132 3924 certe,
1158 3837 1260 3910 valde
1281 3861 1359 3909 me·

338 3948 447 4034 diotre.
491 3955 673 4033 Prodierat
690 3958 765 4030 haec
783 3955 1003 4030 Mnussncr
1024 3952 1147 4040 editio,
1164 3977 1248 4026 cum
1269 3951 1359 4025 Vibio

338 4069 488 4170 Sepestro,
504 4098 546 4149 ac
564 4073 666 4175 Psello
682 4074 723 4147 de
740 4073 933 4171 Lapidx‘bus‚
952 4068 1093 4146 Totosae
1114 4070 1219 4167 1615.

376 4187 492 4263 Altera
509 4186 674 4287 repetitio
690 4188 819 4286 prodiit
838 4187 971 4262 Parifiis
988 4209 1081 4259 anno
1105 4186 1214 4277 1624:
1234 4185 1358 4258 addito

330 4299 500 4398 Jossrtrrs
525 4308 699 4379 Rusrnr
732 4303 825 4378 libro
850 4306 891 4378 de
920 4305 996 4375 Vita
1023 4301 1195 4375 Plutarchi
1216 4313 1251 4372 et
1274 4302 1357 4372 Ani·

325 4422 584 4515 mdvaſsonibus
608 4418 763 4515 ejusdem
789 4419 826 4493 in
858 4419 1123 4503 Plutarchum3
1160 4427 1202 4487 ut
1231 4412 1356 4491 scilicet

322 4537 394 4617 hec
412 4538 520 4615 etiam
538 4535 703 4638 repetitio
727 4536 880 4638 priorem
905 4561 1002 4611 nora
1026 4536 1180 4636 quadam
1199 4536 1356 4610 accessio-

809 4656 876 4748 hs
