3642 5492
651 626 1115 723 PRAEFATIO.
1365 635 1404 711 ix

395 811 506 907 pondus
531 809 697 899 manibus
723 813 843 886 tollere
869 814 1015 910 possem.
1069 818 1216 891 Mutata
1236 818 1286 892 est
1314 818 1405 894 ratio

391 928 541 1026 progressu
559 926 683 1002 aetatis.
729 929 785 1002 Ut
804 929 972 1027 temporis
990 931 1336 1031 appropinquabant,
1354 936 1405 1012 ita

389 1042 477 1140 orieris
493 1043 703 1116 recedebant
724 1044 875 1118 termini.
917 1046 1018 1120 Abiit
1036 1049 1271 1123 decennium:
1291 1050 1405 1148 operis

386 1158 503 1234 termini
522 1162 739 1257 apparebant
759 1162 859 1236 nulli.
912 1162 1014 1238 Abiit
1033 1181 1068 1239 et
1089 1166 1401 1264 quinquennium:

380 1276 443 1371 plus
459 1289 533 1350 erat
558 1275 736 1373 reliquum
761 1302 871 1374 quam
896 1276 1103 1354 consectum
1120 1280 1244 1378 operis.
1296 1282 1404 1380 Coepi

379 1410 526 1467 metune
551 1418 596 1466 ex
622 1392 680 1466 illa
696 1397 881 1492 propositae
900 1392 1021 1469 sormae
1039 1395 1285 1496 magnitudine
1302 1422 1403 1473 revo-

375 1535 451 1597 ure,
469 1535 622 1607 eamque
646 1509 854 1586 arctioribus
878 1510 1010 1584 sinibus
1035 1511 1330 1599 circumscribere,
1359 1514 1405 1589 de

374 1626 493 1722 quibus
507 1625 584 1700 dixi
602 1626 640 1702 in
657 1626 887 1701 Bibliothecae
905 1627 1058 1715 Criticae,
1074 1628 1266 1702 Volumine
1284 1628 1403 1718 terti0‚

373 1744 465 1818 Parte
482 1744 609 1842 prima.
661 1746 830 1842 Cumque
855 1768 928 1817 non
953 1745 1003 1818 ita
1027 1745 1144 1818 multo
1163 1744 1296 1841 postea,
1321 1746 1402 1819 Dr.-

373 1885 518 1934 rronrr
531 1862 848 1936 Tvrooanrrrrra
864 1859 1132 1949 Oxonrarvsrs,
1149 1861 1224 1936 Viri
1239 1862 1403 1950 Illustres,

370 1999 438 2047 earn
456 1991 597 2070 partem
615 1975 728 2073 operis
745 1976 828 2061 mei,
845 2000 917 2072 qua
934 1978 1085 2051 Moralia
1101 1980 1273 2052 Plutarchi
1287 1976 1404 2053 conti·

325 2173 331 2182 ,
371 2107 512 2176 nentur,
556 2093 803 2166 excudendam
841 2095 1130 2192 vulgandamque
1171 2094 1404 2192 recepissent3

371 2235 437 2282 nan
451 2207 686 2296 subsecivum,
709 2209 766 2283 sed
783 2209 1018 2306 praecipuum,
1037 2208 1150 2284 immo
1167 2235 1286 2297 omne,
1305 2211 1405 2307 quod

370 2323 510 2420 quidem
527 2352 548 2398 a
566 2324 721 2398 muneris
738 2313 975 2423 occupatione
992 2343 1145 2414 vacaret,
1172 2343 1207 2400 et
1234 2326 1406 2402 diurnum

369 2459 399 2516 et
426 2445 643 2517 nocturnum
671 2459 811 2541 tempus
836 2442 872 2516 in
901 2468 1007 2540 opere
1030 2442 1194 2517 instituto
1218 2442 1402 2518 collocavi.

370 2561 458 2654 Jam,
477 2560 559 2636 licet
579 2585 637 2632 me
655 2586 727 2633 nou
741 2558 929 2657 poeniteret
949 2574 1125 2656 quantum
1142 2584 1402 2656 promoverem,

368 2677 431 2751 hoc
450 2702 523 2750 non
540 2692 684 2751 tantum
702 2691 774 2749 erat
792 2695 832 2749 ut
850 2674 1022 2749 brevitate
1040 2674 1208 2771 temporis
1224 2672 1404 2771 exspecta·

369 2790 452 2864 tioni
470 2792 660 2864 hominum
680 2789 860 2864 Plutarchi
887 2788 993 2866 nostri
1018 2788 1253 2863 studiosorum
1271 2787 1403 2863 satissa-

370 2931 506 2993 cerem;
534 2910 556 2979 sr
581 2906 726 3004 quidem
752 2909 946 3003 expositam
968 2906 1004 2979 in
1025 2905 1245 2998 Bibliotheca
1270 2906 1403 2983 Critica

371 3018 634 3119 institutamque
659 3022 833 3096 rationem
858 3043 988 3107 tenere,
1015 3038 1049 3096 et
1077 3022 1405 3096 Animadversiones

370 3138 410 3209 ad
427 3163 544 3212 rerum
562 3140 823 3242 verborumque
841 3137 1167 3236 interpretationem
1184 3155 1406 3234 comparatas

370 3255 466 3328 simul
491 3282 577 3329 cum
604 3256 738 3354 scriptis
761 3256 960 3340 Plutarchi,
989 3253 1097 3353 iisque
1124 3254 1248 3353 quavis
1275 3253 1406 3351 pagina

371 3367 547 3469 subjectas,
576 3374 677 3445 edere
699 3374 837 3446 vellem.
891 3373 1045 3445 Verebar
1069 3372 1176 3446 etiam
1202 3397 1244 3445 ne
1269 3371 1405 3445 diutius

370 3480 558 3558 differenda
574 3484 728 3558 editione
747 3511 857 3558 vanus
883 3487 928 3559 ad
954 3485 1237 3583 promittendum
1254 3502 1289 3557 et
1307 3484 1405 3581 piger

370 3598 411 3670 ad
432 3597 660 3674 efficiendum
676 3599 832 3687 viderer;
858 3622 920 3674 aut
944 3600 1077 3698 potius,
1103 3627 1146 3673 ne
1170 3600 1312 3673 dudum
1334 3596 1404 3670 sus·

369 3729 506 3809 ceptam
539 3715 703 3788 vanitatis
738 3731 772 3790 et
806 3714 957 3815 pigritiae
989 3714 1194 3812 opinionem
1224 3737 1401 3810 augerem.

371 3831 470 3906 Dum
484 3859 552 3933 ego
570 3831 607 3907 in
631 3836 819 3910 Plutarcho
845 3838 972 3922 haere0,
996 3860 1089 3921 ecce,
1115 3836 1195 3907 duae
1217 3831 1308 3905 illius
1331 3831 1406 3906 edi·
1514 3857 1517 3864 ·

370 3945 491 4037 tiones,
507 3949 585 4048 post
603 3977 719 4025 meam
735 3949 869 4026 institui
885 3968 1029 4049 coepta,
1046 3950 1109 4024 diu
1126 3966 1209 4026 ante
1224 3977 1303 4024 eam
1320 3977 1405 4024 evo·

370 4063 453 4151 lant,
479 4067 572 4139 leves
589 4066 667 4139 sane
683 4092 724 4140 ac
740 4082 881 4154 tenues,
902 4067 960 4141 sed
974 4066 1144 4164 imperitis
1160 4065 1351 4140 vendibiles
1368 4065 1404 4139 in

371 4182 581 4256 Germania:
609 4186 716 4257 altera
734 4186 921 4272 Rursrrrr,
946 4200 1027 4259 ante
1044 4186 1107 4257 hos
1123 4182 1249 4282 viginti
1266 4207 1376 4256 annos
1394 4212 1401 4254 :

371 4301 485 4388 attera,
504 4300 587 4375 hinc
604 4327 718 4399 nuper
735 4302 896 4398 repetita,
913 4327 1022 4399 quarn
1040 4299 1213 4383 nonvidi.
1264 4299 1405 4372 Admo-

372 4418 497 4494 nitores
514 4419 670 4493 solvendi
688 4416 839 4493 nominis
856 4417 1055 4515 frequentes
1071 4418 1227 4494 aderant.
1261 4413 1405 4515 Qubus

373 4537 394 4608 fi
409 4536 575 4628 dicerem,
592 4536 693 4635 quod
705 4561 783 4611 vere
796 4534 973 4621 dicebam,
987 4535 1149 4610 noudum
1163 4531 1262 4619 mihi,
1278 4557 1405 4634 quam·
