3642 5492
666 560 1144 652 PRAEFATIO„
1352 574 1411 648 ciii

398 741 543 843 inignem
568 741 675 818 ineffe
700 741 736 817 in
760 746 986 831 Xrnnnnm
1009 750 1074 821 hac
1091 773 1205 846 opera„
1216 751 1356 848 copiam
1372 770 1407 830 et

394 875 582 957 appar-ntum
607 862 654 933 ad
673 860 852 935 Plutarchi
869 888 1016 939 manum
1031 890 1072 937 ac
1088 865 1294 962 scripturam
1312 868 1406 943 resti·

391 974 553 1054 tuendam.

433 1092 513 1162 Vitas
534 1088 648 1165 edidit
673 1115 766 1166 anno
790 1094 882 1193 1560
896 1125 908 1180 3
935 1097 1097 1186 Moralin
1122 1123 1343 1201 ann0157o,
1368 1115 1404 1176 et

392 1201 499 1279 iterum
522 1230 630 1306 1572.
682 1208 777 1307 Ergo
801 1223 939 1305 poterat
963 1216 1131 1287 Aurorr
1156 1217 1319 1289 Verfione
1335 1215 1404 1304 uti,

390 1343 481 1415 quam
497 1320 537 1395 in
553 1320 758 1418 praefntione
777 1326 923 1398 Wtarum
945 1342 1130 1401 memorat.
1183 1331 1324 1403 Poterat
1349 1329 1405 1405 uti

389 1431 607 1529 stephaniam
622 1434 790 1523 editione,
808 1460 889 1534 quae
905 1463 997 1511 anno
1016 1463 1107 1540 1572
1124 1441 1255 1536 prodiit
1273 1457 1309 1517 et
1325 1469 1402 1517 ver-

392 1570 428 1620 no
439 1562 595 1648 nrercatu
608 1548 883 1624 Francofirrtum
899 1552 949 1626 est
964 1554 1068 1627 allata
1078 1587 1090 1642 3
1117 1555 1210 1628 unde
1231 1556 1403 1631 ernn·

392 1683 453 1739 rrt
476 1688 557 1744 enm
581 1650 706 1739 nudus
730 1663 859 1763 cupide
883 1665 1114 1762 perlustravit,
1141 1667 1282 1766 ejusque
1302 1669 1404 1744 dotes
1487 1727 1493 1734 .

391 1772 436 1850 fu
454 1776 523 1876 ipse
552 1778 812 1876 exspectatione
838 1779 989 1857 minores
1014 1783 1287 1878 deprehendens,
1314 1781 1402 1879 ejus-

387 1890 454 1969 dem
476 1893 559 1968 anni
590 1895 707 1969 mense
735 1893 900 1993 Augusto
930 1898 1131 1972 Versronem
1158 1895 1255 1970 suam
1283 1897 1403 1988 denuo

391 2007 493 2098 edidit,
518 2008 650 2085 additis
677 2025 763 2089 tunc
790 2009 946 2108 primurn
969 2010 1272 2087 Annotationibus
1297 2010 1336 2085 iis
1356 2013 1403 2086 de

394 2121 498 2220 qubus
514 2125 628 2202 modo
641 2124 810 2213 diximus,
836 2124 885 2200 ita
909 2126 1056 2224 quidem
1072 2140 1114 2199 ut
1131 2150 1151 2197 e
1168 2124 1403 2223 Stephaniana

390 2238 430 2313 nil
449 2243 652 2317 affumeret:
681 2243 779 2340 quod
806 2241 875 2340 ipse
901 2258 936 2317 et
961 2243 1123 2329 affirmat,
1149 2256 1185 2315 et
1208 2266 1286 2315 vere
1310 2243 1401 2316 affir-

391 2354 641 2433 nrffevidetur.
693 2359 835 2456 Neque,
861 2359 906 2431 ab
930 2361 1109 2433 Auroro
1133 2356 1221 2455 quid
1241 2383 1326 2431 eum
1342 2382 1400 2431 ac·

393 2469 495 2567 tepide
509 2485 545 2546 et
563 2469 601 2546 in
619 2474 820 2573 Versronern
833 2471 1130 2548 Armotationesve
1147 2471 1222 2547 suas
1235 2471 1400 2562 retulisse,

392 2581 499 2668 dicam.

425 2705 562 2792 Biennio
586 2706 720 2805 postea,
746 2709 881 2784 Basileae
907 2710 1004 2806 apud
1035 2707 1276 2807 Episcopum,
1304 2734 1399 2784 anno

393 2848 477 2926 1574,
506 2828 659 2914 Moralia
689 2828 812 2900 Graece
844 2826 967 2913 edidit,
996 2826 1073 2921 jam
1105 2839 1187 2899 ante
1217 2826 1399 2923 vulgatam

390 2939 637 3041 Stephaninnam
653 2944 699 3017 ab
716 2943 790 3040 ipso
807 2944 853 3017 ad
868 2941 1062 3016 editionem
1079 2955 1212 3038 parata,
1237 2955 1280 3014 ut
1296 2938 1398 3024 testa·

341 3149 342 3154 Ἰ
390 3067 433 3132 tur
446 3058 481 3135 in
495 3058 703 3160 praefatione
719 3060 765 3148 ad
778 3062 979 3163 Verfionern
997 3057 1163 3133 Latinam
1179 3057 1307 3133 iterurn
1324 3054 1398 3131 edi·

390 3183 446 3260 un
459 3200 552 3266 enno
574 3202 679 3277 1572·

423 3289 538 3387 Hujus
557 3293 693 3367 Graecae
710 3289 872 3365 editionis
889 3314 1065 3389 perpauca
1080 3291 1125 3373 ad
1146 3290 1299 3365 nostram
1314 3304 1399 3366 aeta·

387 3414 687 3505 tempervenenrnt
705 3409 892 3504 exempla;
919 3396 985 3480 sive
1009 3407 1108 3505 quod
1132 3408 1177 3483 ab
1203 3406 1303 3482 initio
1325 3433 1398 3481 non

386 3518 435 3599 m'fi
449 3547 559 3621 peuce
572 3524 844 3612 excuderentur,
861 3526 928 3597 five
945 3525 1044 3621 quod
1060 3523 1178 3620 postea
1195 3521 1398 3620 stephania·

385 3659 494 3715 nomm
509 3633 555 3716 ¹et
581 3639 1206 3736 Graeco·Latinorum-exemplorum
1232 3637 1399 3713 multitu·

383 3749 452 3827 dine
478 3780 518 3831 ac
549 3754 747 3854 frequentia
778 3758 1020 3830 obruerentur.
1073 3756 1181 3828 Hanc
1215 3777 1330 3850 quum
1362 3769 1400 3829 et

380 3865 529 3966 privatim
545 3869 623 3959 diu,
649 3886 685 3945 et
701 3872 853 3968 publice,
878 3869 1021 3967 prodito
1044 3869 1117 3963 ejus
1141 3868 1188 3941 rei
1214 3866 1344 3941 indicio
1361 3867 1399 3946 in

379 3981 595 4062 Bibliothecae
613 3984 759 4061 Criticae'
771 3983 972 4061 Voluminis
989 3982 1095 4069 tertii,
1114 3986 1218 4057 Parte
1235 3980 1398 4072 secunda,

378 4093 490 4175 frustm
504 4098 745 4201 quaefiviffem,
761 4102 857 4175 ultro
873 4095 917 4173 nd
936 4124 993 4173 me
1011 4097 1158 4172 Oxonio
1175 4096 1279 4186 misit,
1298 4098 1327 4172 is
1339 4100 1398 4175 cui

374 4213 561 4311 plurimum
578 4214 695 4291 nostra
711 4215 819 4290 editio
835 4217 955 4302 debet,
973 4216 1187 4310 Jorrnuurs
1202 4215 1398 4289 Rnnnor·

375 4351 483 4422 error,
497 4330 551 4415 tir
567 4329 815 4408 eruditissimus
830 4329 997 4428 idemque
1013 4327 1288 4413 humaniffimus.
1332 4328 1398 4402 Ti·

368 4445 460 4534 tulus
479 4445 538 4524 hic
554 4445 626 4524 est:
655 4460 935 4523 nnorrnrxor
950 4459 1035 4521 ror
1051 4457 1298 4521 xrurnurnr
1313 4466 1399 4535 eno·

851 4585 918 4662 84
