3642 5492
377 599 538 702 cxxxvii
663 579 1130 698 unanimo.

374 805 413 884 in
438 805 529 882 libro
555 808 614 882 De
632 807 828 884 Educatione
846 809 1032 894 Puerorum,
1057 801 1122 902 qui
1145 801 1195 878 est
1218 801 1357 902 spurius
1379 815 1414 878 et

372 949 557 1022 perperam
575 921 753 997 Plutarchi
770 921 914 996 nomine
930 911 1128 1019 inscriptus,
1144 919 1244 1014 cujus
1263 921 1415 1006 Auctor,

373 1036 531 1134 quisquis
547 1036 603 1112 ille
619 1035 700 1124 fuit,
727 1051 821 1132 certe
846 1061 920 1111 non
944 1035 1023 1111 satis
1044 1031 1113 1109 fuit
1134 1049 1276 1133 paratus
1292 1061 1315 1108 a
1331 1059 1416 1132 pru·

372 1151 493 1226 dentia
508 1169 544 1226 et
561 1151 733 1240 dodrina,
749 1168 888 1250 poterat
906 1153 998 1227 forte
1014 1151 1116 1226 illurn
1132 1153 1254 1226 locum
1270 1151 1416 1226 aliunde

370 1267 538 1366 accepiffe
556 1294 620 1343 nec
636 1293 681 1340 ex
699 1268 772 1366 ipso
799 1269 947 1344 Platone
973 1267 1136 1354 sumsrffe,
1162 1280 1198 1341 et
1222 1265 1414 1342 nominum

371 1382 600 1458 similitudine
610 1384 779 1481 deeeptus
792 1382 911 1460 fuilse:
932 1386 1001 1458 hoc
1017 1381 1172 1458 dubium
1186 1383 1415 1470 rernanebat3

370 1523 453 1597 ergo
487 1497 536 1573 nil
571 1499 720 1574 mutavi.
773 1501 856 1574 Erat
885 1500 954 1574 hoc
984 1501 1063 1574 loco
1091 1498 1218 1574 falsum
1245 1498 1412 1574 dictum:

371 1613 446 1701 illo,
472 1615 639 1690 mendosa
664 1615 780 1690 lectio.
833 1617 1044 1714 Utrumque
1063 1641 1174 1714 genus
1191 1614 1321 1690 Editor
1339 1613 1415 1688 ani·

372 1731 591 1806 madvertere
619 1733 752 1806 debet:
792 1731 915 1807 sedin
944 1719 1194 1806 constituendo
1223 1747 1415 1818 contextu,

371 1849 442 1922 hoc
472 1846 653 1946 corrigere,
685 1846 776 1922 illud
803 1847 1009 1946 relinquere,
1038 1873 1153 1946 neque
1180 1846 1218 1924 id
1244 1873 1415 1944 reponere

371 1965 474 2063 quod
502 1964 646 2038 scribere
675 1965 844 2038 debuerat
874 1965 1026 2050 Auctor,
1057 1963 1115 2038 sed
1144 1964 1243 2061 quod
1269 1961 1413 2060 scripsit.

371 2082 484 2180 Qrod
501 2083 524 2154 fi
541 2080 631 2155 forte
649 2078 778 2155 alicubi
797 2081 863 2153 hac
887 2078 926 2153 in
947 2095 1047 2177 parte
1066 2095 1197 2154 temere
1215 2077 1308 2152 feci:
1337 2077 1415 2154 cavi

370 2220 417 2269 ne
434 2196 521 2294 quid
538 2195 741 2270 detrimenti
758 2211 897 2293 caperet
915 2210 1118 2271 contextus.
1161 2197 1262 2272 Nam
1278 2195 1318 2270 in
1337 2199 1415 2272 An·

371 2311 617 2387 notationibus
633 2310 808 2408 subjectis,
834 2337 919 2386 curn
944 2326 1092 2408 receptae
1110 2309 1337 2385 correctionis
1352 2337 1416 2386 ve-

370 2442 482 2502 terem
516 2431 698 2527 vulgatam
731 2427 932 2513 lestionem,
966 2443 1046 2501 turn
1080 2440 1223 2501 retentae
1257 2427 1415 2527 vulgatae

371 2541 567 2617 faciendam
584 2541 851 2631 correctionem,
877 2541 996 2618 sedulo
1020 2569 1062 2618 ac
1085 2541 1236 2618 fideliter
1251 2569 1415 2618 comme·

371 2659 518 2734 moravi.

421 2778 639 2875 Exemplum
657 2789 860 2865 contextus,
886 2778 987 2875 quod
1013 2777 1253 2874 typographus
1276 2773 1314 2848 in
1337 2775 1418 2850 nos·

371 2906 425 2967 tra
444 2891 610 2968 Editione
627 2893 827 2993 sequeretur
844 2907 880 2967 et
898 2891 1124 2989 exprimeret,
1143 2890 1194 2964 ita
1210 2889 1360 2964 instruxi
1376 2905 1415 2966 et

369 3007 549 3082 adornavi.
575 3011 688 3084 Sumsr
704 3011 910 3106 exemplum
928 3005 1105 3082 Editionis
1123 3006 1414 3081 Gtaeco-Latinae

369 3122 567 3220 postremae,
593 3125 674 3197 anni
704 3128 824 3218 1624,
854 3123 988 3222 quippe
1013 3123 1113 3219 quod
1139 3124 1299 3195 simulet
1324 3124 1412 3196 Xu-

372 3261 530 3312 Lnunm
547 3238 710 3312 Latinam
727 3242 940 3327 Versronem,
959 3254 995 3313 et
1009 3241 1179 3313 Graecum
1195 3253 1412 3312 contextum

370 3350 648 3447 Stephanianum
666 3353 889 3448 paucioribus
902 3381 1012 3453 quarn
1024 3355 1106 3427 duae
1118 3353 1250 3451 priores
1265 3355 1416 3428 Graeco-

371 3466 512 3542 Latinae
531 3466 667 3541 mendis
684 3469 944 3567 typographicis
960 3469 1188 3567 inquinatum
1201 3465 1417 3544 contineret.

370 3581 651 3681 Stephanianum
669 3599 789 3657 autern
806 3600 1020 3658 contextum
1037 3582 1148 3656 malui
1161 3607 1272 3681 quarn
1287 3580 1419 3670 aliurn,

370 3701 471 3799 quod
490 3699 517 3772 is
532 3699 751 3774 emendatior
767 3701 865 3786 effet,
889 3714 925 3773 et
951 3702 974 3772 fi
1002 3697 1091 3797 quid
1107 3697 1138 3771 ei
1157 3694 1362 3771 sinceritatis
1378 3711 1418 3772 et

369 3815 591 3891 auetoritatis
620 3815 760 3902 deeffet,
788 3812 826 3888 id
852 3840 923 3887 non
948 3828 1091 3888 tantum
1117 3816 1200 3887 effet
1223 3827 1265 3885 ut
1286 3810 1419 3910 corrigi

370 3929 470 4005 facile
488 3931 660 4030 nequiret.
712 3931 799 4006 Hoc
825 3930 934 4029 igitur
959 3931 1164 4028 exemplum
1184 3943 1266 4002 ante
1291 3927 1421 4008 omnia

370 4049 566 4147 expurgavi
581 4047 794 4148 corrigendis
819 4048 1005 4148 diligenter
1027 4049 1219 4145 seduloque
1242 4064 1421 4147 typogra=

370 4162 485 4260 plricis
501 4163 659 4238 mendis:
687 4190 837 4263 eamque
848 4190 1004 4262 operam,
1022 4162 1229 4250 secundum,
1247 4161 1421 4254 tertium,

371 4294 541 4377 quartum
567 4294 601 4353 et
626 4278 754 4376 pluries
782 4279 938 4378 repetivi.
991 4283 1116 4377 Itaque
1143 4277 1218 4353 cavi
1244 4305 1289 4352 nc
1313 4277 1416 4355 idem

372 4395 497 4470 nostra
513 4394 682 4469 accideret
702 4395 877 4486 Editioni,
893 4397 993 4495 quod
1010 4401 1193 4493 Bryaneae3
1214 4394 1313 4489 cujus
1331 4420 1417 4493 per-

371 4513 494 4591 multae
506 4511 830 4590 Animadversiones
841 4512 1098 4590 consumuntur
1111 4510 1293 4588 notatione
1308 4537 1416 4588 rnen·

288 4923 416 5093 ἢ
