<?xml version="1.0" encoding="UTF-8"?>
<!DOCTYPE html PUBLIC "-//W3C//DTD XHTML 1.0 Transitional//EN"
    "http://www.w3.org/TR/xhtml1/DTD/xhtml1-transitional.dtd">
<html xmlns="http://www.w3.org/1999/xhtml" xml:lang="en" lang="en">
 <head>
  <title>
</title>
<meta http-equiv="Content-Type" content="text/html;charset=utf-8" />
  <meta name='ocr-system' content='tesseract 3.04.00' />
  <meta name='ocr-capabilities' content='ocr_page ocr_carea ocr_par ocr_line ocrx_word'/>
</head>
<body>
  <div class='ocr_page' id='page_1' title='image "./plutarchichaero10plutgoog_0019.png"; bbox 0 0 3642 5492; ppageno 0'>
   <div class='ocr_carea' id='block_1_1' title="bbox 620 627 1374 736">
    <p class='ocr_par' dir='ltr' id='par_1_1' title="bbox 620 627 1374 736">
     <span class='ocr_line' id='line_1_1' title="bbox 620 627 1374 736; baseline -0.003 -25"><span class='ocrx_word' id='word_1_1' title='bbox 620 627 1090 736; x_wconf 29' lang='lat' dir='ltr'><strong>PRAEFATINO.</strong></span> <span class='ocrx_word' id='word_1_2' title='bbox 1325 659 1374 717; x_wconf 73' lang='lat' dir='ltr'>xv</span> 
     </span>
    </p>
   </div>
   <div class='ocr_carea' id='block_1_2' title="bbox 330 810 1449 4616">
    <p class='ocr_par' dir='ltr' id='par_1_2' title="bbox 356 810 1377 1028">
     <span class='ocr_line' id='line_1_2' title="bbox 357 810 1377 909; baseline 0.003 -21"><span class='ocrx_word' id='word_1_3' title='bbox 357 810 399 888; x_wconf 81' lang='lat' dir='ltr'>llo</span> <span class='ocrx_word' id='word_1_4' title='bbox 412 811 631 909; x_wconf 73' lang='lat' dir='ltr'>conjunclior</span> <span class='ocrx_word' id='word_1_5' title='bbox 646 829 718 887; x_wconf 88' lang='lat' dir='ltr'>erat</span> <span class='ocrx_word' id='word_1_6' title='bbox 741 837 825 888; x_wconf 90' lang='lat' dir='ltr'>cum</span> <span class='ocrx_word' id='word_1_7' title='bbox 842 812 1081 887; x_wconf 74' lang='lat' dir='ltr'>adolescentiae</span> <span class='ocrx_word' id='word_1_8' title='bbox 1098 838 1186 887; x_wconf 78' lang='lat' dir='ltr'>mea</span> <span class='ocrx_word' id='word_1_9' title='bbox 1203 817 1324 890; x_wconf 84' lang='lat' dir='ltr'>ardore</span> <span class='ocrx_word' id='word_1_10' title='bbox 1341 832 1377 901; x_wconf 82' lang='lat' dir='ltr'>et</span> 
     </span>
     <span class='ocr_line' id='line_1_3' title="bbox 356 929 487 1028; baseline -0.008 -24"><span class='ocrx_word' id='word_1_11' title='bbox 356 929 487 1028; x_wconf 82' lang='lat' dir='ltr'>inpetu.</span> 
     </span>
    </p>

    <p class='ocr_par' dir='ltr' id='par_1_3' title="bbox 330 1042 1378 2278">
     <span class='ocr_line' id='line_1_4' title="bbox 390 1042 1377 1144; baseline 0.005 -25"><span class='ocrx_word' id='word_1_12' title='bbox 390 1049 514 1144; x_wconf 89' lang='lat' dir='ltr'>ltaque</span> <span class='ocrx_word' id='word_1_13' title='bbox 537 1044 576 1119; x_wconf 91' lang='lat' dir='ltr'>in</span> <span class='ocrx_word' id='word_1_14' title='bbox 600 1044 806 1144; x_wconf 74' lang='lat' dir='ltr'>prefatione</span> <span class='ocrx_word' id='word_1_15' title='bbox 831 1042 939 1120; x_wconf 75' lang='lat' dir='ltr'>libelli</span> <span class='ocrx_word' id='word_1_16' title='bbox 964 1048 1005 1128; x_wconf 82' lang='lat' dir='ltr'>de</span> <span class='ocrx_word' id='word_1_17' title='bbox 1028 1053 1107 1121; x_wconf 84' lang='lat' dir='ltr'>Sera</span> <span class='ocrx_word' id='word_1_18' title='bbox 1131 1049 1278 1124; x_wconf 85' lang='lat' dir='ltr'><em>Numinis</em></span> <span class='ocrx_word' id='word_1_19' title='bbox 1298 1054 1377 1124; x_wconf 83' lang='lat' dir='ltr'>Vin·</span> 
     </span>
     <span class='ocr_line' id='line_1_5' title="bbox 346 1159 1377 1261; baseline 0.001 -25"><span class='ocrx_word' id='word_1_20' title='bbox 346 1163 425 1236; x_wconf 71' lang='lat' dir='ltr'>uua</span> <span class='ocrx_word' id='word_1_21' title='bbox 448 1161 617 1260; x_wconf 82' lang='lat' dir='ltr'>deinceps</span> <span class='ocrx_word' id='word_1_22' title='bbox 642 1159 740 1247; x_wconf 90' lang='lat' dir='ltr'>editi,</span> <span class='ocrx_word' id='word_1_23' title='bbox 762 1188 834 1236; x_wconf 92' lang='lat' dir='ltr'>non</span> <span class='ocrx_word' id='word_1_24' title='bbox 860 1160 1022 1236; x_wconf 86' lang='lat' dir='ltr'>dubitavi</span> <span class='ocrx_word' id='word_1_25' title='bbox 1044 1188 1173 1235; x_wconf 89' lang='lat' dir='ltr'>nomen</span> <span class='ocrx_word' id='word_1_26' title='bbox 1195 1166 1377 1261; x_wconf 81' lang='lat' dir='ltr'>fidemque</span> 
     </span>
     <span class='ocr_line' id='line_1_6' title="bbox 341 1276 1378 1379; baseline 0 -26"><span class='ocrx_word' id='word_1_27' title='bbox 341 1278 493 1379; x_wconf 87' lang='lat' dir='ltr'><strong>profiteri</strong></span> <span class='ocrx_word' id='word_1_28' title='bbox 511 1280 557 1361; x_wconf 87' lang='lat' dir='ltr'>de</span> <span class='ocrx_word' id='word_1_29' title='bbox 574 1278 731 1354; x_wconf 89' lang='lat' dir='ltr'>universa</span> <span class='ocrx_word' id='word_1_30' title='bbox 743 1276 906 1362; x_wconf 89' lang='lat' dir='ltr'>omnium</span> <span class='ocrx_word' id='word_1_31' title='bbox 921 1280 1213 1353; x_wconf 78' lang='lat' dir='ltr'>Plutarclseorum</span> <span class='ocrx_word' id='word_1_32' title='bbox 1228 1306 1378 1379; x_wconf 85' lang='lat' dir='ltr'>operum</span> 
     </span>
     <span class='ocr_line' id='line_1_7' title="bbox 330 1385 1378 1491; baseline 0.003 -23"><span class='ocrx_word' id='word_1_33' title='bbox 330 1385 506 1477; x_wconf 53' lang='lat' dir='ltr'>&#39;Editione</span> <span class='ocrx_word' id='word_1_34' title='bbox 522 1393 752 1479; x_wconf 81' lang='lat' dir='ltr'>conficienda,</span> <span class='ocrx_word' id='word_1_35' title='bbox 781 1393 893 1491; x_wconf 88' lang='lat' dir='ltr'>Cujus</span> <span class='ocrx_word' id='word_1_36' title='bbox 910 1392 1086 1470; x_wconf 86' lang='lat' dir='ltr'>Editionis</span> <span class='ocrx_word' id='word_1_37' title='bbox 1103 1420 1199 1469; x_wconf 92' lang='lat' dir='ltr'>nunc</span> <span class='ocrx_word' id='word_1_38' title='bbox 1215 1398 1378 1484; x_wconf 89' lang='lat' dir='ltr'>demum,</span> 
     </span>
     <span class='ocr_line' id='line_1_8' title="bbox 339 1507 1376 1609; baseline 0 -24"><span class='ocrx_word' id='word_1_39' title='bbox 339 1512 562 1609; x_wconf 80' lang='lat' dir='ltr'>praeterlapsis</span> <span class='ocrx_word' id='word_1_40' title='bbox 588 1508 712 1608; x_wconf 81' lang='lat' dir='ltr'>viginti</span> <span class='ocrx_word' id='word_1_41' title='bbox 738 1511 881 1584; x_wconf 89' lang='lat' dir='ltr'>duobus</span> <span class='ocrx_word' id='word_1_42' title='bbox 906 1513 1019 1598; x_wconf 85' lang='lat' dir='ltr'>annis,</span> <span class='ocrx_word' id='word_1_43' title='bbox 1045 1507 1197 1606; x_wconf 86' lang='lat' dir='ltr'>priorem</span> <span class='ocrx_word' id='word_1_44' title='bbox 1226 1529 1376 1607; x_wconf 89' lang='lat' dir='ltr'>partem,</span> 
     </span>
     <span class='ocr_line' id='line_1_9' title="bbox 340 1624 1378 1722; baseline 0 -23"><span class='ocrx_word' id='word_1_45' title='bbox 340 1625 393 1701; x_wconf 84' lang='lat' dir='ltr'>seu</span> <span class='ocrx_word' id='word_1_46' title='bbox 415 1628 570 1701; x_wconf 80' lang='lat' dir='ltr'>ll‘soralia</span> <span class='ocrx_word' id='word_1_47' title='bbox 595 1625 712 1700; x_wconf 87' lang='lat' dir='ltr'>solvo:</span> <span class='ocrx_word' id='word_1_48' title='bbox 741 1624 872 1700; x_wconf 88' lang='lat' dir='ltr'>tardius</span> <span class='ocrx_word' id='word_1_49' title='bbox 899 1625 1059 1722; x_wconf 67' lang='lat' dir='ltr'>profesto</span> <span class='ocrx_word' id='word_1_50' title='bbox 1085 1642 1120 1696; x_wconf 87' lang='lat' dir='ltr'>et</span> <span class='ocrx_word' id='word_1_51' title='bbox 1145 1650 1224 1698; x_wconf 90' lang='lat' dir='ltr'>mea</span> <span class='ocrx_word' id='word_1_52' title='bbox 1247 1624 1317 1721; x_wconf 90' lang='lat' dir='ltr'>spe,</span> <span class='ocrx_word' id='word_1_53' title='bbox 1342 1641 1378 1699; x_wconf 85' lang='lat' dir='ltr'>et</span> 
     </span>
     <span class='ocr_line' id='line_1_10' title="bbox 339 1738 1378 1837; baseline -0.005 -19"><span class='ocrx_word' id='word_1_54' title='bbox 339 1767 420 1818; x_wconf 79' lang='lat' dir='ltr'>rero</span> <span class='ocrx_word' id='word_1_55' title='bbox 454 1742 656 1816; x_wconf 88' lang='lat' dir='ltr'>multorum</span> <span class='ocrx_word' id='word_1_56' title='bbox 691 1738 858 1837; x_wconf 88' lang='lat' dir='ltr'>opinione</span> <span class='ocrx_word' id='word_1_57' title='bbox 888 1738 1088 1812; x_wconf 92' lang='lat' dir='ltr'>hominum.</span> <span class='ocrx_word' id='word_1_58' title='bbox 1140 1742 1252 1835; x_wconf 89' lang='lat' dir='ltr'>Apud</span> <span class='ocrx_word' id='word_1_59' title='bbox 1288 1766 1378 1837; x_wconf 90' lang='lat' dir='ltr'>quos</span> 
     </span>
     <span class='ocr_line' id='line_1_11' title="bbox 338 1853 1377 1955; baseline -0.002 -24"><span class='ocrx_word' id='word_1_60' title='bbox 338 1882 453 1955; x_wconf 82' lang='lat' dir='ltr'>quum</span> <span class='ocrx_word' id='word_1_61' title='bbox 481 1855 545 1930; x_wconf 89' lang='lat' dir='ltr'>ista</span> <span class='ocrx_word' id='word_1_62' title='bbox 570 1881 628 1930; x_wconf 90' lang='lat' dir='ltr'>me</span> <span class='ocrx_word' id='word_1_63' title='bbox 650 1856 794 1930; x_wconf 80' lang='lat' dir='ltr'>tarditas</span> <span class='ocrx_word' id='word_1_64' title='bbox 819 1854 857 1932; x_wconf 90' lang='lat' dir='ltr'>in</span> <span class='ocrx_word' id='word_1_65' title='bbox 882 1853 1112 1952; x_wconf 81' lang='lat' dir='ltr'>suspicionem</span> <span class='ocrx_word' id='word_1_66' title='bbox 1134 1856 1191 1934; x_wconf 81' lang='lat' dir='ltr'>vel</span> <span class='ocrx_word' id='word_1_67' title='bbox 1211 1854 1377 1954; x_wconf 69' lang='lat' dir='ltr'>pigritia,</span> 
     </span>
     <span class='ocr_line' id='line_1_12' title="bbox 340 1969 1377 2066; baseline -0.002 -20"><span class='ocrx_word' id='word_1_68' title='bbox 340 1973 391 2046; x_wconf 81' lang='lat' dir='ltr'>rel</span> <span class='ocrx_word' id='word_1_69' title='bbox 417 1969 599 2059; x_wconf 76' lang='lat' dir='ltr'>vanitatis,</span> <span class='ocrx_word' id='word_1_70' title='bbox 627 1970 814 2046; x_wconf 85' lang='lat' dir='ltr'>adduxerit</span> <span class='ocrx_word' id='word_1_71' title='bbox 826 2004 838 2059; x_wconf 84' lang='lat'>3</span> <span class='ocrx_word' id='word_1_72' title='bbox 877 1971 988 2043; x_wconf 87' lang='lat' dir='ltr'>facere</span> <span class='ocrx_word' id='word_1_73' title='bbox 1019 1996 1091 2043; x_wconf 91' lang='lat' dir='ltr'>non</span> <span class='ocrx_word' id='word_1_74' title='bbox 1119 1970 1213 2066; x_wconf 89' lang='lat' dir='ltr'>posse</span> <span class='ocrx_word' id='word_1_75' title='bbox 1242 1969 1377 2057; x_wconf 79' lang='lat' dir='ltr'>videor,</span> 
     </span>
     <span class='ocr_line' id='line_1_13' title="bbox 341 2082 1378 2184; baseline -0.002 -22"><span class='ocrx_word' id='word_1_76' title='bbox 341 2086 490 2183; x_wconf 85' lang='lat' dir='ltr'>quiade</span> <span class='ocrx_word' id='word_1_77' title='bbox 507 2087 574 2169; x_wconf 83' lang='lat' dir='ltr'>hac</span> <span class='ocrx_word' id='word_1_78' title='bbox 590 2111 648 2164; x_wconf 86' lang='lat' dir='ltr'>me</span> <span class='ocrx_word' id='word_1_79' title='bbox 665 2082 855 2182; x_wconf 84' lang='lat' dir='ltr'>suspicione</span> <span class='ocrx_word' id='word_1_80' title='bbox 879 2108 1042 2184; x_wconf 85' lang='lat' dir='ltr'>purgem,</span> <span class='ocrx_word' id='word_1_81' title='bbox 1066 2083 1284 2181; x_wconf 80' lang='lat' dir='ltr'>rationesque</span> <span class='ocrx_word' id='word_1_82' title='bbox 1308 2100 1378 2160; x_wconf 86' lang='lat' dir='ltr'>tar-</span> 
     </span>
     <span class='ocr_line' id='line_1_14' title="bbox 342 2200 637 2278; baseline 0.003 -1"><span class='ocrx_word' id='word_1_83' title='bbox 342 2200 459 2277; x_wconf 82' lang='lat' dir='ltr'>ditatis</span> <span class='ocrx_word' id='word_1_84' title='bbox 477 2200 637 2278; x_wconf 84' lang='lat' dir='ltr'>reddam.</span> 
     </span>
    </p>

    <p class='ocr_par' dir='ltr' id='par_1_4' title="bbox 336 2317 1449 4616">
     <span class='ocr_line' id='line_1_15' title="bbox 386 2317 1377 2419; baseline 0 -25"><span class='ocrx_word' id='word_1_85' title='bbox 386 2317 502 2419; x_wconf 83' lang='lat' dir='ltr'>Igitur</span> <span class='ocrx_word' id='word_1_86' title='bbox 516 2317 692 2394; x_wconf 89' lang='lat' dir='ltr'>continuo</span> <span class='ocrx_word' id='word_1_87' title='bbox 708 2321 755 2393; x_wconf 91' lang='lat' dir='ltr'>ab</span> <span class='ocrx_word' id='word_1_88' title='bbox 771 2319 841 2407; x_wconf 88' lang='lat' dir='ltr'>illa,</span> <span class='ocrx_word' id='word_1_89' title='bbox 859 2318 966 2392; x_wconf 84' lang='lat' dir='ltr'>libelli</span> <span class='ocrx_word' id='word_1_90' title='bbox 985 2320 1025 2400; x_wconf 76' lang='lat' dir='ltr'>de</span> <span class='ocrx_word' id='word_1_91' title='bbox 1040 2325 1120 2399; x_wconf 84' lang='lat' dir='ltr'>Sera</span> <span class='ocrx_word' id='word_1_92' title='bbox 1137 2319 1285 2393; x_wconf 85' lang='lat' dir='ltr'>Numinis</span> <span class='ocrx_word' id='word_1_93' title='bbox 1301 2323 1377 2394; x_wconf 78' lang='lat' dir='ltr'>Vin·</span> 
     </span>
     <span class='ocr_line' id='line_1_16' title="bbox 342 2434 1377 2535; baseline -0.008 -18"><span class='ocrx_word' id='word_1_94' title='bbox 342 2438 439 2526; x_wconf 64' lang='lat' dir='ltr'>lissa,</span> <span class='ocrx_word' id='word_1_95' title='bbox 465 2434 624 2511; x_wconf 79' lang='lat' dir='ltr'>editione</span> <span class='ocrx_word' id='word_1_96' title='bbox 648 2438 686 2510; x_wconf 91' lang='lat' dir='ltr'>in</span> <span class='ocrx_word' id='word_1_97' title='bbox 707 2456 844 2513; x_wconf 89' lang='lat' dir='ltr'>novum</span> <span class='ocrx_word' id='word_1_98' title='bbox 861 2434 968 2510; x_wconf 91' lang='lat' dir='ltr'>incidi</span> <span class='ocrx_word' id='word_1_99' title='bbox 985 2436 1067 2510; x_wconf 81' lang='lat' dir='ltr'>vitae</span> <span class='ocrx_word' id='word_1_100' title='bbox 1084 2462 1195 2535; x_wconf 70' lang='lat' dir='ltr'>genta</span> <span class='ocrx_word' id='word_1_101' title='bbox 1213 2466 1221 2509; x_wconf 93' lang='lat'><strong>:</strong></span> <span class='ocrx_word' id='word_1_102' title='bbox 1247 2436 1377 2535; x_wconf 83' lang='lat' dir='ltr'>profes-</span> 
     </span>
     <span class='ocr_line' id='line_1_17' title="bbox 338 2551 1377 2654; baseline 0.003 -26"><span class='ocrx_word' id='word_1_103' title='bbox 338 2551 469 2638; x_wconf 80' lang='lat' dir='ltr'>sorium</span> <span class='ocrx_word' id='word_1_104' title='bbox 499 2579 558 2628; x_wconf 92' lang='lat' dir='ltr'>me</span> <span class='ocrx_word' id='word_1_105' title='bbox 587 2578 719 2627; x_wconf 88' lang='lat' dir='ltr'>munus</span> <span class='ocrx_word' id='word_1_106' title='bbox 748 2581 793 2628; x_wconf 88' lang='lat' dir='ltr'>ex</span> <span class='ocrx_word' id='word_1_107' title='bbox 820 2553 888 2627; x_wconf 87' lang='lat' dir='ltr'>alio</span> <span class='ocrx_word' id='word_1_108' title='bbox 914 2554 1078 2651; x_wconf 86' lang='lat' dir='ltr'>deinceps</span> <span class='ocrx_word' id='word_1_109' title='bbox 1103 2553 1199 2654; x_wconf 81' lang='lat' dir='ltr'>aliud</span> <span class='ocrx_word' id='word_1_110' title='bbox 1225 2553 1377 2651; x_wconf 76' lang='lat' dir='ltr'>excepit,</span> 
     </span>
     <span class='ocr_line' id='line_1_18' title="bbox 342 2659 1379 2768; baseline 0 -26"><span class='ocrx_word' id='word_1_111' title='bbox 342 2669 626 2768; x_wconf 68' lang='lat' dir='ltr'>unumquodque</span> <span class='ocrx_word' id='word_1_112' title='bbox 643 2668 704 2744; x_wconf 87' lang='lat' dir='ltr'>sua</span> <span class='ocrx_word' id='word_1_113' title='bbox 720 2668 783 2745; x_wconf 84' lang='lat' dir='ltr'>fibi</span> <span class='ocrx_word' id='word_1_114' title='bbox 801 2659 958 2742; x_wconf 79' lang='lat' dir='ltr'>novitate</span> <span class='ocrx_word' id='word_1_115' title='bbox 976 2695 1083 2743; x_wconf 91' lang='lat' dir='ltr'>omne</span> <span class='ocrx_word' id='word_1_116' title='bbox 1100 2694 1221 2744; x_wconf 89' lang='lat' dir='ltr'>meum</span> <span class='ocrx_word' id='word_1_117' title='bbox 1234 2684 1379 2768; x_wconf 88' lang='lat' dir='ltr'>tempus</span> 
     </span>
     <span class='ocr_line' id='line_1_19' title="bbox 342 2782 1390 2884; baseline 0.005 -26"><span class='ocrx_word' id='word_1_118' title='bbox 342 2782 531 2859; x_wconf 78' lang='lat' dir='ltr'>vindicans.</span> <span class='ocrx_word' id='word_1_119' title='bbox 582 2785 671 2860; x_wconf 92' lang='lat' dir='ltr'>Hoc</span> <span class='ocrx_word' id='word_1_120' title='bbox 686 2783 725 2859; x_wconf 90' lang='lat' dir='ltr'>in</span> <span class='ocrx_word' id='word_1_121' title='bbox 743 2783 827 2862; x_wconf 74' lang='lat' dir='ltr'>vitae</span> <span class='ocrx_word' id='word_1_122' title='bbox 848 2810 973 2884; x_wconf 86' lang='lat' dir='ltr'>genere</span> <span class='ocrx_word' id='word_1_123' title='bbox 991 2787 1013 2857; x_wconf 88' lang='lat' dir='ltr'>li</span> <span class='ocrx_word' id='word_1_124' title='bbox 1030 2784 1161 2871; x_wconf 90' lang='lat' dir='ltr'>dicam,</span> <span class='ocrx_word' id='word_1_125' title='bbox 1186 2785 1390 2863; x_wconf 88' lang='lat' dir='ltr'>duodecim·</span> 
     </span>
     <span class='ocr_line' id='line_1_20' title="bbox 343 2897 1377 2999; baseline 0.003 -25"><span class='ocrx_word' id='word_1_126' title='bbox 343 2897 444 2982; x_wconf 84' lang='lat' dir='ltr'>instar</span> <span class='ocrx_word' id='word_1_127' title='bbox 466 2925 642 2985; x_wconf 78' lang='lat' dir='ltr'>armorum</span> <span class='ocrx_word' id='word_1_128' title='bbox 666 2916 807 2999; x_wconf 77' lang='lat' dir='ltr'>tempus</span> <span class='ocrx_word' id='word_1_129' title='bbox 832 2902 877 2974; x_wconf 92' lang='lat' dir='ltr'>de</span> <span class='ocrx_word' id='word_1_130' title='bbox 902 2901 1096 2975; x_wconf 87' lang='lat' dir='ltr'>Plutarcho</span> <span class='ocrx_word' id='word_1_131' title='bbox 1118 2902 1291 2990; x_wconf 85' lang='lat' dir='ltr'>ablatum,</span> <span class='ocrx_word' id='word_1_132' title='bbox 1315 2905 1377 2977; x_wconf 85' lang='lat' dir='ltr'>da-</span> 
     </span>
     <span class='ocr_line' id='line_1_21' title="bbox 336 3011 1379 3114; baseline 0.007 -29"><span class='ocrx_word' id='word_1_133' title='bbox 336 3027 419 3090; x_wconf 76' lang='lat' dir='ltr'>tum</span> <span class='ocrx_word' id='word_1_134' title='bbox 434 3011 536 3092; x_wconf 83' lang='lat' dir='ltr'>fuiffe</span> <span class='ocrx_word' id='word_1_135' title='bbox 550 3015 725 3103; x_wconf 86' lang='lat' dir='ltr'>docendo,</span> <span class='ocrx_word' id='word_1_136' title='bbox 738 3014 932 3104; x_wconf 77' lang='lat' dir='ltr'>scribendo,</span> <span class='ocrx_word' id='word_1_137' title='bbox 948 3016 1097 3114; x_wconf 86' lang='lat' dir='ltr'>agendo,</span> <span class='ocrx_word' id='word_1_138' title='bbox 1114 3016 1209 3096; x_wconf 85' lang='lat' dir='ltr'>haud</span> <span class='ocrx_word' id='word_1_139' title='bbox 1226 3016 1379 3098; x_wconf 87' lang='lat' dir='ltr'>nimium</span> 
     </span>
     <span class='ocr_line' id='line_1_22' title="bbox 344 3119 1379 3229; baseline 0.004 -24"><span class='ocrx_word' id='word_1_140' title='bbox 344 3129 470 3206; x_wconf 86' lang='lat' dir='ltr'>dicam.</span> <span class='ocrx_word' id='word_1_141' title='bbox 522 3119 670 3229; x_wconf 81' lang='lat' dir='ltr'>Singula</span> <span class='ocrx_word' id='word_1_142' title='bbox 693 3156 896 3206; x_wconf 86' lang='lat' dir='ltr'>enumerare</span> <span class='ocrx_word' id='word_1_143' title='bbox 919 3156 983 3209; x_wconf 84' lang='lat' dir='ltr'>nec</span> <span class='ocrx_word' id='word_1_144' title='bbox 1005 3156 1096 3227; x_wconf 86' lang='lat' dir='ltr'>opus</span> <span class='ocrx_word' id='word_1_145' title='bbox 1117 3131 1180 3219; x_wconf 90' lang='lat' dir='ltr'>est,</span> <span class='ocrx_word' id='word_1_146' title='bbox 1206 3149 1241 3207; x_wconf 91' lang='lat' dir='ltr'>et</span> <span class='ocrx_word' id='word_1_147' title='bbox 1263 3133 1379 3209; x_wconf 86' lang='lat' dir='ltr'>osten·</span> 
     </span>
     <span class='ocr_line' id='line_1_23' title="bbox 345 3244 1379 3336; baseline 0.007 -17"><span class='ocrx_word' id='word_1_148' title='bbox 345 3244 517 3334; x_wconf 79' lang='lat' dir='ltr'>tationem</span> <span class='ocrx_word' id='word_1_149' title='bbox 547 3246 676 3323; x_wconf 87' lang='lat' dir='ltr'>babere</span> <span class='ocrx_word' id='word_1_150' title='bbox 710 3245 883 3323; x_wconf 84' lang='lat' dir='ltr'>videatur.</span> <span class='ocrx_word' id='word_1_151' title='bbox 943 3249 1070 3336; x_wconf 82' lang='lat' dir='ltr'>Annus</span> <span class='ocrx_word' id='word_1_152' title='bbox 1103 3272 1195 3332; x_wconf 88' lang='lat' dir='ltr'>unus</span> <span class='ocrx_word' id='word_1_153' title='bbox 1225 3264 1261 3323; x_wconf 89' lang='lat' dir='ltr'>et</span> <span class='ocrx_word' id='word_1_154' title='bbox 1292 3248 1379 3326; x_wconf 88' lang='lat' dir='ltr'>item</span> 
     </span>
     <span class='ocr_line' id='line_1_24' title="bbox 346 3359 1380 3464; baseline 0.006 -31"><span class='ocrx_word' id='word_1_155' title='bbox 346 3360 440 3450; x_wconf 79' lang='lat' dir='ltr'>alter,</span> <span class='ocrx_word' id='word_1_156' title='bbox 470 3362 588 3458; x_wconf 81' lang='lat' dir='ltr'>plures</span> <span class='ocrx_word' id='word_1_157' title='bbox 614 3360 790 3458; x_wconf 84' lang='lat' dir='ltr'>deinceps,</span> <span class='ocrx_word' id='word_1_158' title='bbox 820 3360 871 3435; x_wconf 90' lang='lat' dir='ltr'>ita</span> <span class='ocrx_word' id='word_1_159' title='bbox 895 3359 1042 3434; x_wconf 87' lang='lat' dir='ltr'>abibant</span> <span class='ocrx_word' id='word_1_160' title='bbox 1067 3376 1109 3439; x_wconf 87' lang='lat' dir='ltr'>ut</span> <span class='ocrx_word' id='word_1_161' title='bbox 1133 3363 1287 3448; x_wconf 83' lang='lat' dir='ltr'>muneris</span> <span class='ocrx_word' id='word_1_162' title='bbox 1309 3364 1380 3464; x_wconf 91' lang='lat' dir='ltr'>ipse</span> 
     </span>
     <span class='ocr_line' id='line_1_25' title="bbox 348 3473 1380 3576; baseline 0.006 -29"><span class='ocrx_word' id='word_1_163' title='bbox 348 3473 411 3558; x_wconf 85' lang='lat' dir='ltr'>mei</span> <span class='ocrx_word' id='word_1_164' title='bbox 429 3474 632 3575; x_wconf 84' lang='lat' dir='ltr'>satagerem,</span> <span class='ocrx_word' id='word_1_165' title='bbox 652 3476 843 3556; x_wconf 87' lang='lat' dir='ltr'>Plutarcho</span> <span class='ocrx_word' id='word_1_166' title='bbox 859 3501 934 3549; x_wconf 91' lang='lat' dir='ltr'>non</span> <span class='ocrx_word' id='word_1_167' title='bbox 952 3473 1013 3549; x_wconf 88' lang='lat' dir='ltr'>nlsl</span> <span class='ocrx_word' id='word_1_168' title='bbox 1033 3474 1238 3566; x_wconf 81' lang='lat' dir='ltr'>subsecivas,</span> <span class='ocrx_word' id='word_1_169' title='bbox 1255 3479 1380 3576; x_wconf 88' lang='lat' dir='ltr'>easque</span> 
     </span>
     <span class='ocr_line' id='line_1_26' title="bbox 349 3588 1379 3692; baseline 0.001 -27"><span class='ocrx_word' id='word_1_170' title='bbox 349 3612 483 3692; x_wconf 73' lang='lat' dir='ltr'>paucas,</span> <span class='ocrx_word' id='word_1_171' title='bbox 507 3592 629 3667; x_wconf 84' lang='lat' dir='ltr'>darem</span> <span class='ocrx_word' id='word_1_172' title='bbox 650 3594 765 3679; x_wconf 81' lang='lat' dir='ltr'>horas,</span> <span class='ocrx_word' id='word_1_173' title='bbox 789 3617 854 3665; x_wconf 91' lang='lat' dir='ltr'>nec</span> <span class='ocrx_word' id='word_1_174' title='bbox 878 3592 924 3664; x_wconf 89' lang='lat' dir='ltr'>ad</span> <span class='ocrx_word' id='word_1_175' title='bbox 948 3588 1153 3675; x_wconf 84' lang='lat' dir='ltr'>laboriosam</span> <span class='ocrx_word' id='word_1_176' title='bbox 1176 3592 1379 3667; x_wconf 88' lang='lat' dir='ltr'>meditatio·</span> 
     </span>
     <span class='ocr_line' id='line_1_27' title="bbox 349 3704 1379 3806; baseline 0 -26"><span class='ocrx_word' id='word_1_177' title='bbox 349 3728 438 3798; x_wconf 69' lang='lat' dir='ltr'>pem,</span> <span class='ocrx_word' id='word_1_178' title='bbox 463 3704 524 3786; x_wconf 87' lang='lat' dir='ltr'>sed</span> <span class='ocrx_word' id='word_1_179' title='bbox 547 3707 593 3801; x_wconf 79' lang='lat' dir='ltr'>ad</span> <span class='ocrx_word' id='word_1_180' title='bbox 610 3704 809 3806; x_wconf 83' lang='lat' dir='ltr'>quotidiani</span> <span class='ocrx_word' id='word_1_181' title='bbox 825 3704 952 3796; x_wconf 78' lang='lat' dir='ltr'>laboris</span> <span class='ocrx_word' id='word_1_182' title='bbox 969 3705 1125 3805; x_wconf 79' lang='lat' dir='ltr'>requiem</span> <span class='ocrx_word' id='word_1_183' title='bbox 1142 3720 1178 3778; x_wconf 88' lang='lat' dir='ltr'>et</span> <span class='ocrx_word' id='word_1_184' title='bbox 1195 3705 1379 3792; x_wconf 83' lang='lat' dir='ltr'>relaxatio-</span> 
     </span>
     <span class='ocr_line' id='line_1_28' title="bbox 350 3842 436 3913; baseline 0 -18"><span class='ocrx_word' id='word_1_185' title='bbox 350 3842 436 3913; x_wconf 80' lang='lat' dir='ltr'>pem.</span> 
     </span>
     <span class='ocr_line' id='line_1_29' title="bbox 393 3934 1379 4037; baseline -0.004 -24"><span class='ocrx_word' id='word_1_186' title='bbox 393 3939 495 4013; x_wconf 87' lang='lat' dir='ltr'>Turn</span> <span class='ocrx_word' id='word_1_187' title='bbox 515 3962 601 4017; x_wconf 77' lang='lat' dir='ltr'>vero</span> <span class='ocrx_word' id='word_1_188' title='bbox 625 3937 798 4037; x_wconf 77' lang='lat' dir='ltr'>paulatim</span> <span class='ocrx_word' id='word_1_189' title='bbox 818 3935 946 4035; x_wconf 77' lang='lat' dir='ltr'>agnovi</span> <span class='ocrx_word' id='word_1_190' title='bbox 971 3949 1148 4033; x_wconf 88' lang='lat' dir='ltr'>quantum</span> <span class='ocrx_word' id='word_1_191' title='bbox 1171 3934 1229 4012; x_wconf 87' lang='lat' dir='ltr'>illa</span> <span class='ocrx_word' id='word_1_192' title='bbox 1252 3962 1309 4015; x_wconf 88' lang='lat' dir='ltr'>me</span> <span class='ocrx_word' id='word_1_193' title='bbox 1329 3936 1379 4018; x_wconf 86' lang='lat' dir='ltr'>f·</span> 
     </span>
     <span class='ocr_line' id='line_1_30' title="bbox 348 4049 1380 4151; baseline -0.001 -25"><span class='ocrx_word' id='word_1_194' title='bbox 348 4049 477 4140; x_wconf 74' lang='lat' dir='ltr'>selliffet</span> <span class='ocrx_word' id='word_1_195' title='bbox 494 4052 617 4150; x_wconf 88' lang='lat' dir='ltr'>opinio</span> <span class='ocrx_word' id='word_1_196' title='bbox 633 4055 678 4142; x_wconf 84' lang='lat' dir='ltr'>de</span> <span class='ocrx_word' id='word_1_197' title='bbox 694 4050 859 4151; x_wconf 79' lang='lat' dir='ltr'>proximo</span> <span class='ocrx_word' id='word_1_198' title='bbox 874 4049 1058 4144; x_wconf 85' lang='lat' dir='ltr'>decennio,</span> <span class='ocrx_word' id='word_1_199' title='bbox 1076 4076 1150 4149; x_wconf 85' lang='lat' dir='ltr'>quo</span> <span class='ocrx_word' id='word_1_200' title='bbox 1167 4050 1380 4150; x_wconf 81' lang='lat' dir='ltr'>speraveram</span> 
     </span>
     <span class='ocr_line' id='line_1_31' title="bbox 349 4165 1380 4256; baseline 0.002 -16"><span class='ocrx_word' id='word_1_201' title='bbox 349 4190 403 4241; x_wconf 85' lang='lat' dir='ltr'>me</span> <span class='ocrx_word' id='word_1_202' title='bbox 425 4167 621 4249; x_wconf 80' lang='lat' dir='ltr'>editionem</span> <span class='ocrx_word' id='word_1_203' title='bbox 645 4169 890 4246; x_wconf 89' lang='lat' dir='ltr'>absoluturum</span> <span class='ocrx_word' id='word_1_204' title='bbox 914 4167 992 4239; x_wconf 85' lang='lat' dir='ltr'>effe.</span> <span class='ocrx_word' id='word_1_205' title='bbox 1045 4165 1217 4256; x_wconf 80' lang='lat' dir='ltr'>Rationes</span> <span class='ocrx_word' id='word_1_206' title='bbox 1242 4166 1380 4243; x_wconf 89' lang='lat' dir='ltr'>numeri</span> 
     </span>
     <span class='ocr_line' id='line_1_32' title="bbox 349 4279 1379 4379; baseline 0.001 -24"><span class='ocrx_word' id='word_1_207' title='bbox 349 4279 582 4369; x_wconf 75' lang='lat' dir='ltr'>subduxeram</span> <span class='ocrx_word' id='word_1_208' title='bbox 610 4286 658 4359; x_wconf 90' lang='lat' dir='ltr'>ad</span> <span class='ocrx_word' id='word_1_209' title='bbox 687 4283 839 4358; x_wconf 89' lang='lat' dir='ltr'>modum</span> <span class='ocrx_word' id='word_1_210' title='bbox 869 4279 1050 4379; x_wconf 89' lang='lat' dir='ltr'>temporis,</span> <span class='ocrx_word' id='word_1_211' title='bbox 1084 4283 1181 4379; x_wconf 88' lang='lat' dir='ltr'>quod</span> <span class='ocrx_word' id='word_1_212' title='bbox 1211 4280 1248 4355; x_wconf 93' lang='lat' dir='ltr'>in</span> <span class='ocrx_word' id='word_1_213' title='bbox 1277 4284 1379 4371; x_wconf 86' lang='lat' dir='ltr'>ador-</span> 
     </span>
     <span class='ocr_line' id='line_1_33' title="bbox 343 4395 1449 4490; baseline 0.005 -23"><span class='ocrx_word' id='word_1_214' title='bbox 343 4399 463 4482; x_wconf 81' lang='lat' dir='ltr'>nando</span> <span class='ocrx_word' id='word_1_215' title='bbox 485 4396 607 4478; x_wconf 90' lang='lat' dir='ltr'>libello</span> <span class='ocrx_word' id='word_1_216' title='bbox 623 4402 666 4475; x_wconf 84' lang='lat' dir='ltr'>de</span> <span class='ocrx_word' id='word_1_217' title='bbox 682 4404 762 4490; x_wconf 71' lang='lat' dir='ltr'>Sera</span> <span class='ocrx_word' id='word_1_218' title='bbox 779 4399 930 4472; x_wconf 86' lang='lat' dir='ltr'>Numinis</span> <span class='ocrx_word' id='word_1_219' title='bbox 949 4399 1095 4468; x_wconf 69' lang='lat' dir='ltr'>Vinauta</span> <span class='ocrx_word' id='word_1_220' title='bbox 1112 4395 1378 4472; x_wconf 85' lang='lat' dir='ltr'>consumseram.</span> <span class='ocrx_word' id='word_1_221' title='bbox 1428 4408 1449 4427; x_wconf 85' lang='lat'><em>&#39;</em></span> 
     </span>
     <span class='ocr_line' id='line_1_34' title="bbox 343 4510 1380 4616; baseline -0.007 -24"><span class='ocrx_word' id='word_1_222' title='bbox 343 4512 431 4611; x_wconf 67' lang='lat' dir='ltr'>Hae</span> <span class='ocrx_word' id='word_1_223' title='bbox 457 4513 572 4612; x_wconf 69' lang='lat' dir='ltr'>sturat</span> <span class='ocrx_word' id='word_1_224' title='bbox 595 4530 751 4616; x_wconf 84' lang='lat' dir='ltr'>quatuor</span> <span class='ocrx_word' id='word_1_225' title='bbox 767 4536 954 4588; x_wconf 86' lang='lat' dir='ltr'>annorum.</span> <span class='ocrx_word' id='word_1_226' title='bbox 1007 4512 1131 4610; x_wconf 83' lang='lat' dir='ltr'>Itaque</span> <span class='ocrx_word' id='word_1_227' title='bbox 1153 4512 1277 4608; x_wconf 85' lang='lat' dir='ltr'>decem</span> <span class='ocrx_word' id='word_1_228' title='bbox 1297 4510 1380 4602; x_wconf 77' lang='lat' dir='ltr'>anni</span> 
     </span>
    </p>
   </div>
   <div class='ocr_carea' id='block_1_3' title="bbox 0 0 1834 5492">
    <p class='ocr_par' dir='ltr' id='par_1_5' title="bbox 0 0 1834 5492">
     <span class='ocr_line' id='line_1_35' title="bbox 0 0 1834 5492; baseline 0 0"><span class='ocrx_word' id='word_1_229' title='bbox 0 0 1834 5492; x_wconf 95' lang='lat' dir='ltr'> </span> 
     </span>
    </p>
   </div>
  </div>
 </body>
</html>
