3642 5492
474 585 558 664 xm
755 583 1223 674 PRAEFATIQ

474 788 651 850 contextu
676 777 818 876 agitur:
854 793 890 854 at
917 779 953 855 in
978 783 1162 858 Moralibus
1183 779 1385 881 frequentes
1406 781 1513 860 intet-

476 891 557 966 sunt
580 895 824 983 comestiones,
850 899 1038 996 pleraeque,
1062 915 1105 974 ut
1127 899 1281 988 videtur,
1306 927 1353 976 ex
1375 904 1512 1000 conjec-

475 1023 580 1096 tura3
608 1035 866 1110 nonnunquam
885 1012 1004 1111 paucis
1021 1012 1135 1088 verbis
1152 1013 1243 1089 ratio
1259 1015 1421 1092 redditur
1436 1041 1514 1092 cor·

474 1122 638 1198 rectionis
650 1159 661 1213 3
687 1128 895 1225 plerumque
923 1126 1267 1228 fimpliciteruposrtae
1292 1129 1396 1207 sunt:
1424 1131 1516 1208 liber

474 1239 657 1339 antiquus,
675 1240 729 1314 bis
746 1257 808 1316 aut
826 1257 879 1316 ter
895 1259 1137 1318 memoratur:
1165 1243 1269 1319 semel
1285 1247 1513 1323 Nrcotnus

473 1357 706 1447 Leonrcns,
734 1361 779 1433 ad
805 1360 937 1436 librum
965 1364 1025 1437 De
1049 1366 1158 1438 Primo
1181 1365 1313 1463 Frigido
1338 1363 1409 1438 Ed.
1435 1361 1512 1438 Bas.

472 1499 511 1572 p.
532 1478 625 1573 526:
655 1479 883 1551 Graeco-Lat.
905 1503 991 1577 954,
1009 1481 1052 1566 F,
1072 1478 1136 1552 ubi
1154 1477 1191 1551 in
1209 1479 1337 1554 Graeco
1351 1478 1446 1554 libro
1462 1477 1514 1554 est

473 1592 590 1677 natata,
620 1594 695 1666 haec
715 1595 838 1667 notula
860 1593 987 1683 exstat,
1012 1595 1118 1669 llsicol.
1138 1596 1267 1670 Leonic.
1293 1597 1389 1674 wirla
1404 1599 1512 1696 legite

472 1704 574 1802 atqui
600 1706 636 1779 in
665 1733 743 1781 mea
769 1709 986 1784 Colletiione
1016 1708 1218 1784 Leonicena
1245 1709 1378 1808 legitur
1403 1715 1511 1811 espa:

473 1823 597 1895 multae
615 1822 696 1896 sunt
712 1823 913 1920 peculiares,
938 1824 975 1897 id
992 1823 1043 1898 est
1061 1827 1158 1913 tales,
1176 1851 1255 1924 quae
1271 1823 1311 1898 in
1326 1823 1403 1900 aliis
1427 1825 1514 1901 meir

471 1936 659 2034 Excerptis
686 1964 757 2012 non
786 1939 1028 2038 reperiantur:
1064 1939 1316 2039 frequentiores
1346 1939 1389 2016 in
1415 1939 1514 2017 libris

471 2076 558 2126 cum
585 2053 731 2128 Medica
749 2075 822 2129 arte
850 2054 1047 2152 conjunslis
1070 2082 1154 2131 cum
1170 2055 1256 2144 aliis,
1282 2069 1365 2132 tum
1383 2061 1512 2158 {mpo-

459 2169 559 2260 fiacis
580 2170 799 2263 Quaestionibus
815 2170 1071 2269 compluribus,
1096 2196 1184 2269 quas
1210 2169 1339 2245 Latine
1356 2171 1511 2248 redditas

470 2282 654 2381 separatim
671 2285 783 2361 edidit
800 2288 956 2383 Jun1us
982 2313 1087 2388 ¹547·
1138 2283 1225 2361 Fuit
1250 2286 1328 2362 sane
1344 2289 1461 2364 homo
1474 2287 1513 2364 in

468 2399 590 2497 primis
623 2401 794 2490 eruditus,
830 2401 888 2475 sed
919 2401 1131 2477 emendandi
1162 2400 1331 2476 facultate
1363 2427 1441 2478 non
1473 2399 1512 2478 in

465 2515 696 2613 principibus.
748 2520 791 2592 ln
809 2517 917 2592 titulo
934 2523 1079 2592 Vitarum
1097 2517 1156 2592 sua
1173 2514 1244 2614 ipse
1268 2541 1380 2592 manu
1402 2516 1511 2616 scrip·

467 2633 523 2719 fit,
561 2637 635 2705 Sum
663 2634 828 2705 Hadriani
852 2634 954 2724 Junii,
980 2635 1128 2706 Hornani
1153 2633 1292 2706 Medici.
1343 2635 1537 2710 Servatur·

468 2745 539 2819 hoc
565 2748 770 2843 exemplum
798 2744 836 2819 in
866 2745 1085 2822 Bibliotheca
1115 2746 1259 2847 publica
1284 2749 1508 2826 Amsteloda·

466 2865 588 2937 mensi.

518 2983 706 3078 Arminius,
731 2978 795 3078 qui
817 2978 957 3054 anobis
973 2980 1182 3077 appellatur,
1208 2979 1259 3055 est
1278 2979 1369 3055 item
1385 2979 1502 3054 Mora·

467 3102 542 3170 lium
567 3095 750 3171 Bafileense
771 3097 976 3193 exemplum
1000 3095 1167 3171 refertum
1192 3093 1329 3194 scriptis
1352 3093 1392 3168 in
1414 3119 1501 3170 mar·

464 3212 546 3309 gine
563 3211 849 3300 correctionibus,
867 3212 999 3308 partim
1022 3208 1276 3309 probabilibus,
1301 3208 1436 3310 partim
1452 3224 1501 3286 te·

465 3327 632 3415 merariis,
652 3326 791 3401 diversrs
808 3353 892 3401 cum
909 3342 1069 3426 tempore
1086 3342 1167 3401 tum
1184 3353 1307 3414 manu,
1322 3325 1402 3401 aliis
1423 3341 1503 3404 ante

465 3443 741 3541 Stephanianam
774 3442 968 3519 editionem
1000 3443 1147 3530 fanan,
1190 3441 1264 3517 aliis
1299 3440 1382 3540 post
1412 3467 1502 3530 eam,

465 3558 613 3658 scriptis,
646 3556 805 3658 plurimis
837 3574 957 3633 tamen
982 3584 1067 3634 cum
1096 3561 1162 3633 hac
1191 3555 1502 3633 consentientibus.

463 3678 558 3778 Qis
574 3703 696 3752 earum
720 3681 761 3752 sit
786 3679 923 3766 auctor,
949 3676 1012 3774 qui
1029 3675 1221 3772 scriptores,
1248 3671 1375 3750 nescio.
1427 3674 1505 3748 Ne·

463 3821 534 3890 que
564 3795 659 3870 enim
687 3795 743 3869 vel
774 3793 976 3890 conjestura
1003 3794 1059 3867 vel
1088 3789 1344 3876 testimonium,
1369 3801 1434 3864 aut
1458 3813 1506 3866 ex

464 3911 539 4007 ipso
556 3912 644 3985 libro
662 3928 723 3987 aut
741 3911 895 3996 aliunde,
921 3907 1088 4008 suppetit.
1140 3911 1183 3983 ln
1209 3906 1315 3982 titulo
1330 3902 1508 4006 scriptum

463 4024 514 4102 est
533 4024 622 4100 Tomi
635 4030 774 4102 Medici.
828 4029 908 4125 Ego
927 4030 1118 4125 Arronymum
1132 4021 1315 4123 appellavi.
1441 4093 1444 4098 .

934 4232 968 4322 §-
989 4248 1024 4324 5·

698 4360 749 4429 De
764 4362 880 4430 Gallica
894 4359 1130 4449 interpretatione
1143 4353 1263 4443 Amynti.

510 4500 643 4601 Neque
664 4521 748 4576 vero
772 4498 864 4575 intra
884 4497 1061 4599 privatam
1086 4493 1339 4578 tantummodo
1362 4517 1406 4572 ac
1431 4493 1503 4590 do
