<?xml version="1.0" encoding="UTF-8"?>
<!DOCTYPE html PUBLIC "-//W3C//DTD XHTML 1.0 Transitional//EN"
    "http://www.w3.org/TR/xhtml1/DTD/xhtml1-transitional.dtd">
<html xmlns="http://www.w3.org/1999/xhtml" xml:lang="en" lang="en">
 <head>
  <title>
</title>
<meta http-equiv="Content-Type" content="text/html;charset=utf-8" />
  <meta name='ocr-system' content='tesseract 3.04.00' />
  <meta name='ocr-capabilities' content='ocr_page ocr_carea ocr_par ocr_line ocrx_word'/>
</head>
<body>
  <div class='ocr_page' id='page_1' title='image "./plutarchichaero10plutgoog_0080.png"; bbox 0 0 3642 5492; ppageno 0'>
   <div class='ocr_carea' id='block_1_1' title="bbox 371 583 1398 878">
    <p class='ocr_par' dir='ltr' id='par_1_1' title="bbox 371 583 1398 878">
     <span class='ocr_line' id='line_1_1' title="bbox 372 583 1116 678; baseline -0.03 1"><span class='ocrx_word' id='word_1_1' title='bbox 372 598 471 678; x_wconf 76' lang='lat' dir='ltr'>lxxvi</span> <span class='ocrx_word' id='word_1_2' title='bbox 656 594 686 670; x_wconf 86' lang='lat' dir='ltr'>P</span> <span class='ocrx_word' id='word_1_3' title='bbox 709 594 743 672; x_wconf 75' lang='lat' dir='ltr'>R</span> <span class='ocrx_word' id='word_1_4' title='bbox 769 589 822 670; x_wconf 79' lang='lat' dir='ltr'>AE</span> <span class='ocrx_word' id='word_1_5' title='bbox 846 586 876 666; x_wconf 84' lang='lat' dir='ltr'><strong>F</strong></span> <span class='ocrx_word' id='word_1_6' title='bbox 902 591 938 664; x_wconf 81' lang='lat' dir='ltr'>A</span> <span class='ocrx_word' id='word_1_7' title='bbox 963 588 1000 666; x_wconf 85' lang='lat' dir='ltr'>&#39;l&#39;</span> <span class='ocrx_word' id='word_1_8' title='bbox 1025 587 1042 662; x_wconf 90' lang='lat'>1</span> <span class='ocrx_word' id='word_1_9' title='bbox 1066 583 1116 660; x_wconf 87' lang='lat' dir='ltr'>O.</span> 
     </span>
     <span class='ocr_line' id='line_1_2' title="bbox 371 760 1398 878; baseline -0.023 -17"><span class='ocrx_word' id='word_1_10' title='bbox 371 783 516 861; x_wconf 80' lang='lat' dir='ltr'><em>Fortuna</em></span> <span class='ocrx_word' id='word_1_11' title='bbox 547 801 641 856; x_wconf 70' lang='lat' dir='ltr'>enno</span> <span class='ocrx_word' id='word_1_12' title='bbox 677 773 926 878; x_wconf 80' lang='lat' dir='ltr'>1777,t0r1na</span> <span class='ocrx_word' id='word_1_13' title='bbox 953 772 1087 846; x_wconf 62' lang='lat' dir='ltr'>odora„</span> <span class='ocrx_word' id='word_1_14' title='bbox 1138 763 1312 842; x_wconf 72' lang='lat' dir='ltr'>Colledtio</span> <span class='ocrx_word' id='word_1_15' title='bbox 1342 760 1398 838; x_wconf 75' lang='lat' dir='ltr'>illu</span> 
     </span>
    </p>
   </div>
   <div class='ocr_carea' id='block_1_2' title="bbox 368 880 1414 2946">
    <p class='ocr_par' dir='ltr' id='par_1_2' title="bbox 368 880 1405 1570">
     <span class='ocr_line' id='line_1_3' title="bbox 369 880 1401 991; baseline -0.017 -19"><span class='ocrx_word' id='word_1_16' title='bbox 369 892 523 991; x_wconf 82' lang='lat' dir='ltr'>exempli</span> <span class='ocrx_word' id='word_1_17' title='bbox 542 892 757 970; x_wconf 85' lang='lat' dir='ltr'>Moseuenfis</span> <span class='ocrx_word' id='word_1_18' title='bbox 773 886 949 989; x_wconf 82' lang='lat' dir='ltr'>quantivis</span> <span class='ocrx_word' id='word_1_19' title='bbox 965 885 1015 962; x_wconf 85' lang='lat' dir='ltr'>est</span> <span class='ocrx_word' id='word_1_20' title='bbox 1030 882 1147 982; x_wconf 91' lang='lat' dir='ltr'>pretii,</span> <span class='ocrx_word' id='word_1_21' title='bbox 1170 880 1304 980; x_wconf 80' lang='lat' dir='ltr'>quippe</span> <span class='ocrx_word' id='word_1_22' title='bbox 1319 903 1401 978; x_wconf 83' lang='lat' dir='ltr'>quae</span> 
     </span>
     <span class='ocr_line' id='line_1_4' title="bbox 368 994 1402 1099; baseline -0.02 -8"><span class='ocrx_word' id='word_1_23' title='bbox 368 1014 485 1091; x_wconf 81' lang='lat' dir='ltr'>multa</span> <span class='ocrx_word' id='word_1_24' title='bbox 508 1012 614 1087; x_wconf 80' lang='lat' dir='ltr'>habet</span> <span class='ocrx_word' id='word_1_25' title='bbox 642 1034 734 1083; x_wconf 82' lang='lat' dir='ltr'>nova</span> <span class='ocrx_word' id='word_1_26' title='bbox 759 1031 824 1082; x_wconf 90' lang='lat' dir='ltr'>nec</span> <span class='ocrx_word' id='word_1_27' title='bbox 845 1004 987 1080; x_wconf 78' lang='lat' dir='ltr'><strong>aliunde</strong></span> <span class='ocrx_word' id='word_1_28' title='bbox 1011 998 1165 1099; x_wconf 83' lang='lat' dir='ltr'>cognita,</span> <span class='ocrx_word' id='word_1_29' title='bbox 1191 1001 1258 1072; x_wconf 79' lang='lat' dir='ltr'>sive</span> <span class='ocrx_word' id='word_1_30' title='bbox 1278 994 1340 1080; x_wconf 83' lang='lat' dir='ltr'>illa</span> <span class='ocrx_word' id='word_1_31' title='bbox 1356 1020 1402 1070; x_wconf 83' lang='lat' dir='ltr'>ex</span> 
     </span>
     <span class='ocr_line' id='line_1_5' title="bbox 368 1106 1404 1225; baseline -0.019 -22"><span class='ocrx_word' id='word_1_32' title='bbox 368 1125 536 1225; x_wconf 86' lang='lat' dir='ltr'>pleniore,</span> <span class='ocrx_word' id='word_1_33' title='bbox 560 1150 669 1223; x_wconf 81' lang='lat' dir='ltr'>quarn</span> <span class='ocrx_word' id='word_1_34' title='bbox 698 1147 794 1205; x_wconf 77' lang='lat' dir='ltr'>turne</span> <span class='ocrx_word' id='word_1_35' title='bbox 822 1120 943 1206; x_wconf 86' lang='lat' dir='ltr'>fertur,</span> <span class='ocrx_word' id='word_1_36' title='bbox 971 1117 1126 1203; x_wconf 83' lang='lat' dir='ltr'>Stobaeo,</span> <span class='ocrx_word' id='word_1_37' title='bbox 1156 1115 1224 1188; x_wconf 86' lang='lat' dir='ltr'>five</span> <span class='ocrx_word' id='word_1_38' title='bbox 1252 1135 1299 1184; x_wconf 89' lang='lat' dir='ltr'>ex</span> <span class='ocrx_word' id='word_1_39' title='bbox 1326 1106 1404 1184; x_wconf 76' lang='lat' dir='ltr'>aliis</span> 
     </span>
     <span class='ocr_line' id='line_1_6' title="bbox 370 1221 1404 1339; baseline -0.022 -21"><span class='ocrx_word' id='word_1_40' title='bbox 370 1239 514 1339; x_wconf 85' lang='lat' dir='ltr'>perditis</span> <span class='ocrx_word' id='word_1_41' title='bbox 530 1238 624 1316; x_wconf 88' lang='lat' dir='ltr'>libris</span> <span class='ocrx_word' id='word_1_42' title='bbox 639 1239 772 1317; x_wconf 68' lang='lat' dir='ltr'>dudio:</span> <span class='ocrx_word' id='word_1_43' title='bbox 798 1235 898 1334; x_wconf 92' lang='lat' dir='ltr'>quod</span> <span class='ocrx_word' id='word_1_44' title='bbox 922 1231 1087 1331; x_wconf 76' lang='lat' dir='ltr'>equidem</span> <span class='ocrx_word' id='word_1_45' title='bbox 1111 1229 1282 1304; x_wconf 82' lang='lat' dir='ltr'>offirmare</span> <span class='ocrx_word' id='word_1_46' title='bbox 1305 1221 1404 1300; x_wconf 80' lang='lat' dir='ltr'>haud</span> 
     </span>
     <span class='ocr_line' id='line_1_7' title="bbox 371 1342 1405 1452; baseline -0.015 -22"><span class='ocrx_word' id='word_1_47' title='bbox 371 1354 514 1441; x_wconf 91' lang='lat' dir='ltr'>dubito,</span> <span class='ocrx_word' id='word_1_48' title='bbox 539 1351 602 1452; x_wconf 92' lang='lat' dir='ltr'>qui</span> <span class='ocrx_word' id='word_1_49' title='bbox 627 1352 702 1448; x_wconf 85' lang='lat' dir='ltr'>ejus</span> <span class='ocrx_word' id='word_1_50' title='bbox 717 1350 959 1449; x_wconf 79' lang='lat' dir='ltr'>apographum</span> <span class='ocrx_word' id='word_1_51' title='bbox 977 1345 1047 1444; x_wconf 88' lang='lat' dir='ltr'>ipse</span> <span class='ocrx_word' id='word_1_52' title='bbox 1064 1342 1210 1420; x_wconf 68' lang='lat' dir='ltr'>tractavi</span> <span class='ocrx_word' id='word_1_53' title='bbox 1226 1361 1405 1438; x_wconf 80' lang='lat' dir='ltr'>excoque</span> 
     </span>
     <span class='ocr_line' id='line_1_8' title="bbox 371 1469 694 1570; baseline 0 -25"><span class='ocrx_word' id='word_1_54' title='bbox 371 1486 538 1570; x_wconf 79' lang='lat' dir='ltr'>excerpto</span> <span class='ocrx_word' id='word_1_55' title='bbox 553 1469 694 1546; x_wconf 81' lang='lat' dir='ltr'><strong>servavi.</strong></span> 
     </span>
    </p>

    <p class='ocr_par' dir='ltr' id='par_1_3' title="bbox 369 1567 1414 2946">
     <span class='ocr_line' id='line_1_9' title="bbox 420 1567 1403 1674; baseline -0.021 -12"><span class='ocrx_word' id='word_1_56' title='bbox 420 1584 511 1664; x_wconf 82' lang='lat' dir='ltr'>satis</span> <span class='ocrx_word' id='word_1_57' title='bbox 540 1584 590 1660; x_wconf 83' lang='lat' dir='ltr'>est</span> <span class='ocrx_word' id='word_1_58' title='bbox 617 1585 709 1658; x_wconf 79' lang='lat' dir='ltr'>hanc</span> <span class='ocrx_word' id='word_1_59' title='bbox 741 1579 961 1656; x_wconf 84' lang='lat' dir='ltr'>notationem</span> <span class='ocrx_word' id='word_1_60' title='bbox 989 1573 1170 1674; x_wconf 86' lang='lat' dir='ltr'>hucusque</span> <span class='ocrx_word' id='word_1_61' title='bbox 1197 1567 1403 1645; x_wconf 83' lang='lat' dir='ltr'>deduxiffe:</span> 
     </span>
     <span class='ocr_line' id='line_1_10' title="bbox 372 1681 1407 1789; baseline -0.025 -8"><span class='ocrx_word' id='word_1_62' title='bbox 372 1729 436 1781; x_wconf 89' lang='lat' dir='ltr'>nec</span> <span class='ocrx_word' id='word_1_63' title='bbox 453 1700 579 1777; x_wconf 75' lang='lat' dir='ltr'>attinet</span> <span class='ocrx_word' id='word_1_64' title='bbox 595 1701 639 1774; x_wconf 91' lang='lat' dir='ltr'>de</span> <span class='ocrx_word' id='word_1_65' title='bbox 656 1694 838 1774; x_wconf 87' lang='lat' dir='ltr'>codicibus</span> <span class='ocrx_word' id='word_1_66' title='bbox 854 1693 927 1769; x_wconf 81' lang='lat' dir='ltr'>aliis</span> <span class='ocrx_word' id='word_1_67' title='bbox 944 1689 1075 1789; x_wconf 84' lang='lat' dir='ltr'>scriptis</span> <span class='ocrx_word' id='word_1_68' title='bbox 1091 1704 1128 1762; x_wconf 92' lang='lat' dir='ltr'>et</span> <span class='ocrx_word' id='word_1_69' title='bbox 1145 1681 1407 1782; x_wconf 79' lang='lat' dir='ltr'>iuterp&#39;retatio·</span> 
     </span>
     <span class='ocr_line' id='line_1_11' title="bbox 373 1801 1407 1914; baseline -0.022 -16"><span class='ocrx_word' id='word_1_70' title='bbox 373 1819 476 1899; x_wconf 87' lang='lat' dir='ltr'>nibus</span> <span class='ocrx_word' id='word_1_71' title='bbox 493 1817 630 1894; x_wconf 86' lang='lat' dir='ltr'>Latinis</span> <span class='ocrx_word' id='word_1_72' title='bbox 647 1818 746 1914; x_wconf 84' lang='lat' dir='ltr'>plura</span> <span class='ocrx_word' id='word_1_73' title='bbox 770 1813 877 1889; x_wconf 83' lang='lat' dir='ltr'>etiam</span> <span class='ocrx_word' id='word_1_74' title='bbox 893 1810 1025 1887; x_wconf 84' lang='lat' dir='ltr'>adferre</span> <span class='ocrx_word' id='word_1_75' title='bbox 1043 1836 1061 1883; x_wconf 92' lang='lat' dir='ltr'>e</span> <span class='ocrx_word' id='word_1_76' title='bbox 1079 1804 1254 1905; x_wconf 80' lang='lat' dir='ltr'>Catologis</span> <span class='ocrx_word' id='word_1_77' title='bbox 1274 1801 1407 1878; x_wconf 90' lang='lat' dir='ltr'>Biblio-</span> 
     </span>
     <span class='ocr_line' id='line_1_12' title="bbox 369 1919 1406 2029; baseline -0.014 -20"><span class='ocrx_word' id='word_1_78' title='bbox 369 1937 566 2010; x_wconf 76' lang='lat' dir='ltr'>thecatum.</span> <span class='ocrx_word' id='word_1_79' title='bbox 617 1930 856 2029; x_wconf 80' lang='lat' dir='ltr'>Defirngimur</span> <span class='ocrx_word' id='word_1_80' title='bbox 872 1929 913 2003; x_wconf 91' lang='lat' dir='ltr'>iis</span> <span class='ocrx_word' id='word_1_81' title='bbox 930 1926 1078 2012; x_wconf 92' lang='lat' dir='ltr'>notitiis,</span> <span class='ocrx_word' id='word_1_82' title='bbox 1092 1949 1189 2023; x_wconf 77' lang='lat' dir='ltr'>-quas</span> <span class='ocrx_word' id='word_1_83' title='bbox 1205 1920 1325 2004; x_wconf 85' lang='lat' dir='ltr'>nostro</span> <span class='ocrx_word' id='word_1_84' title='bbox 1342 1919 1406 2016; x_wconf 68' lang='lat' dir='ltr'>ipss</span> 
     </span>
     <span class='ocr_line' id='line_1_13' title="bbox 371 2040 1409 2151; baseline -0.013 -28"><span class='ocrx_word' id='word_1_85' title='bbox 371 2050 438 2126; x_wconf 84' lang='lat' dir='ltr'>usu</span> <span class='ocrx_word' id='word_1_86' title='bbox 453 2050 667 2151; x_wconf 82' lang='lat' dir='ltr'>collegimus.</span> <span class='ocrx_word' id='word_1_87' title='bbox 720 2049 891 2126; x_wconf 75' lang='lat' dir='ltr'>Videntur</span> <span class='ocrx_word' id='word_1_88' title='bbox 907 2045 1008 2122; x_wconf 87' lang='lat' dir='ltr'>nobis</span> <span class='ocrx_word' id='word_1_89' title='bbox 1025 2059 1179 2142; x_wconf 79' lang='lat' dir='ltr'>quatuor</span> <span class='ocrx_word' id='word_1_90' title='bbox 1194 2040 1409 2118; x_wconf 66' lang='lat' dir='ltr'>recensiones</span> 
     </span>
     <span class='ocr_line' id='line_1_14' title="bbox 371 2157 1411 2263; baseline -0.012 -22"><span class='ocrx_word' id='word_1_91' title='bbox 371 2181 408 2242; x_wconf 88' lang='lat' dir='ltr'>et</span> <span class='ocrx_word' id='word_1_92' title='bbox 435 2182 555 2244; x_wconf 70' lang='lat' dir='ltr'>etates</span> <span class='ocrx_word' id='word_1_93' title='bbox 581 2169 762 2242; x_wconf 82' lang='lat' dir='ltr'>Moralium</span> <span class='ocrx_word' id='word_1_94' title='bbox 786 2162 1059 2263; x_wconf 80' lang='lat' dir='ltr'>deprehendiffe.</span> <span class='ocrx_word' id='word_1_95' title='bbox 1111 2160 1228 2238; x_wconf 81' lang='lat' dir='ltr'>Prima</span> <span class='ocrx_word' id='word_1_96' title='bbox 1249 2157 1301 2232; x_wconf 87' lang='lat' dir='ltr'>est</span> <span class='ocrx_word' id='word_1_97' title='bbox 1324 2169 1411 2232; x_wconf 82' lang='lat' dir='ltr'>onte</span> 
     </span>
     <span class='ocr_line' id='line_1_15' title="bbox 372 2269 1411 2381; baseline -0.009 -27"><span class='ocrx_word' id='word_1_98' title='bbox 372 2281 539 2358; x_wconf 84' lang='lat' dir='ltr'>saeculum</span> <span class='ocrx_word' id='word_1_99' title='bbox 556 2282 645 2370; x_wconf 70' lang='lat' dir='ltr'>xiii,</span> <span class='ocrx_word' id='word_1_100' title='bbox 671 2308 806 2381; x_wconf 75' lang='lat' dir='ltr'>exque</span> <span class='ocrx_word' id='word_1_101' title='bbox 829 2296 933 2356; x_wconf 79' lang='lat' dir='ltr'>aetote</span> <span class='ocrx_word' id='word_1_102' title='bbox 958 2277 1038 2354; x_wconf 88' lang='lat' dir='ltr'>sunt</span> <span class='ocrx_word' id='word_1_103' title='bbox 1064 2269 1290 2352; x_wconf 86' lang='lat' dir='ltr'>Moscuenses</span> <span class='ocrx_word' id='word_1_104' title='bbox 1305 2271 1411 2346; x_wconf 81' lang='lat' dir='ltr'>valde</span> 
     </span>
     <span class='ocr_line' id='line_1_16' title="bbox 373 2384 1413 2492; baseline -0.007 -25"><span class='ocrx_word' id='word_1_105' title='bbox 373 2393 425 2468; x_wconf 93' lang='lat' dir='ltr'>illi</span> <span class='ocrx_word' id='word_1_106' title='bbox 441 2396 609 2481; x_wconf 71' lang='lat' dir='ltr'>mendosi,</span> <span class='ocrx_word' id='word_1_107' title='bbox 635 2395 744 2492; x_wconf 78' lang='lat' dir='ltr'>iisque</span> <span class='ocrx_word' id='word_1_108' title='bbox 770 2396 865 2469; x_wconf 87' lang='lat' dir='ltr'>haud</span> <span class='ocrx_word' id='word_1_109' title='bbox 889 2394 997 2491; x_wconf 84' lang='lat' dir='ltr'>paulo</span> <span class='ocrx_word' id='word_1_110' title='bbox 1018 2389 1177 2468; x_wconf 88' lang='lat' dir='ltr'>meliores</span> <span class='ocrx_word' id='word_1_111' title='bbox 1205 2384 1413 2464; x_wconf 62' lang='lat' dir='ltr'>parisienses</span> 
     </span>
     <span class='ocr_line' id='line_1_17' title="bbox 376 2501 1413 2604; baseline -0.001 -23"><span class='ocrx_word' id='word_1_112' title='bbox 376 2508 414 2581; x_wconf 91' lang='lat' dir='ltr'>D</span> <span class='ocrx_word' id='word_1_113' title='bbox 430 2522 466 2580; x_wconf 92' lang='lat' dir='ltr'>et</span> <span class='ocrx_word' id='word_1_114' title='bbox 486 2510 529 2592; x_wconf 90' lang='lat' dir='ltr'>F,</span> <span class='ocrx_word' id='word_1_115' title='bbox 547 2505 667 2582; x_wconf 88' lang='lat' dir='ltr'>iisdem</span> <span class='ocrx_word' id='word_1_116' title='bbox 686 2522 804 2581; x_wconf 80' lang='lat' dir='ltr'>tomen</span> <span class='ocrx_word' id='word_1_117' title='bbox 820 2507 967 2593; x_wconf 76' lang='lat' dir='ltr'>lacunis,</span> <span class='ocrx_word' id='word_1_118' title='bbox 994 2504 1124 2604; x_wconf 86' lang='lat' dir='ltr'>quibus</span> <span class='ocrx_word' id='word_1_119' title='bbox 1142 2501 1275 2590; x_wconf 72' lang='lat' dir='ltr'>Aldina</span> <span class='ocrx_word' id='word_1_120' title='bbox 1288 2516 1327 2578; x_wconf 87' lang='lat' dir='ltr'>et</span> <span class='ocrx_word' id='word_1_121' title='bbox 1343 2503 1413 2580; x_wconf 75' lang='lat' dir='ltr'>oa·</span> 
     </span>
     <span class='ocr_line' id='line_1_18' title="bbox 373 2616 1413 2707; baseline 0 -15"><span class='ocrx_word' id='word_1_122' title='bbox 373 2618 525 2694; x_wconf 80' lang='lat' dir='ltr'>fileenses</span> <span class='ocrx_word' id='word_1_123' title='bbox 547 2618 730 2707; x_wconf 83' lang='lat' dir='ltr'>editiones,</span> <span class='ocrx_word' id='word_1_124' title='bbox 755 2620 880 2695; x_wconf 74' lang='lat' dir='ltr'>affecti.</span> <span class='ocrx_word' id='word_1_125' title='bbox 932 2622 1054 2696; x_wconf 74' lang='lat' dir='ltr'>Altero</span> <span class='ocrx_word' id='word_1_126' title='bbox 1070 2619 1120 2693; x_wconf 85' lang='lat' dir='ltr'>est</span> <span class='ocrx_word' id='word_1_127' title='bbox 1134 2618 1199 2693; x_wconf 91' lang='lat' dir='ltr'>sub</span> <span class='ocrx_word' id='word_1_128' title='bbox 1218 2620 1330 2704; x_wconf 81' lang='lat' dir='ltr'>finem</span> <span class='ocrx_word' id='word_1_129' title='bbox 1347 2616 1413 2692; x_wconf 81' lang='lat' dir='ltr'>sae·</span> 
     </span>
     <span class='ocr_line' id='line_1_19' title="bbox 373 2729 1414 2833; baseline 0.003 -28"><span class='ocrx_word' id='word_1_130' title='bbox 373 2732 444 2808; x_wconf 88' lang='lat' dir='ltr'>culi</span> <span class='ocrx_word' id='word_1_131' title='bbox 461 2732 536 2821; x_wconf 83' lang='lat' dir='ltr'>xiii,</span> <span class='ocrx_word' id='word_1_132' title='bbox 562 2749 799 2832; x_wconf 75' lang='lat' dir='ltr'>recuperatos</span> <span class='ocrx_word' id='word_1_133' title='bbox 818 2734 950 2811; x_wconf 84' lang='lat' dir='ltr'>Graecis</span> <span class='ocrx_word' id='word_1_134' title='bbox 967 2732 1287 2833; x_wconf 82' lang='lat' dir='ltr'>Constantinopoli,</span> <span class='ocrx_word' id='word_1_135' title='bbox 1311 2729 1414 2810; x_wconf 83' lang='lat' dir='ltr'>libris</span> 
     </span>
     <span class='ocr_line' id='line_1_20' title="bbox 377 2848 1414 2946; baseline 0 -24"><span class='ocrx_word' id='word_1_136' title='bbox 377 2848 592 2924; x_wconf 73' lang='lat' dir='ltr'>Plutucheis</span> <span class='ocrx_word' id='word_1_137' title='bbox 607 2865 642 2923; x_wconf 91' lang='lat' dir='ltr'>et</span> <span class='ocrx_word' id='word_1_138' title='bbox 670 2853 754 2924; x_wconf 77' lang='lat' dir='ltr'>Votis</span> <span class='ocrx_word' id='word_1_139' title='bbox 776 2865 812 2925; x_wconf 89' lang='lat' dir='ltr'>et</span> <span class='ocrx_word' id='word_1_140' title='bbox 834 2851 1020 2946; x_wconf 82' lang='lat' dir='ltr'>Moralibur</span> <span class='ocrx_word' id='word_1_141' title='bbox 1042 2848 1080 2923; x_wconf 89' lang='lat' dir='ltr'>in</span> <span class='ocrx_word' id='word_1_142' title='bbox 1103 2876 1220 2926; x_wconf 86' lang='lat' dir='ltr'>unum</span> <span class='ocrx_word' id='word_1_143' title='bbox 1235 2850 1414 2924; x_wconf 81' lang='lat' dir='ltr'>volumen</span> 
     </span>
    </p>
   </div>
   <div class='ocr_carea' id='block_1_3' title="bbox 258 2961 1414 3063">
    <p class='ocr_par' dir='ltr' id='par_1_4' title="bbox 258 2961 1414 3063">
     <span class='ocr_line' id='line_1_21' title="bbox 258 2961 1414 3063; baseline 0.003 -29"><span class='ocrx_word' id='word_1_144' title='bbox 258 3046 262 3057; x_wconf 33' lang='lat'>¹</span> <span class='ocrx_word' id='word_1_145' title='bbox 370 2961 539 3051; x_wconf 75' lang='lat' dir='ltr'>collectis,</span> <span class='ocrx_word' id='word_1_146' title='bbox 556 2963 751 3060; x_wconf 86' lang='lat' dir='ltr'>cujusmodi</span> <span class='ocrx_word' id='word_1_147' title='bbox 765 2965 814 3038; x_wconf 88' lang='lat' dir='ltr'>est</span> <span class='ocrx_word' id='word_1_148' title='bbox 826 2966 950 3039; x_wconf 87' lang='lat' dir='ltr'>Codex</span> <span class='ocrx_word' id='word_1_149' title='bbox 963 2968 1011 3053; x_wconf 84' lang='lat' dir='ltr'>A,</span> <span class='ocrx_word' id='word_1_150' title='bbox 1029 2963 1176 3062; x_wconf 87' lang='lat' dir='ltr'>scriptus</span> <span class='ocrx_word' id='word_1_151' title='bbox 1188 2989 1284 3040; x_wconf 82' lang='lat' dir='ltr'>anno</span> <span class='ocrx_word' id='word_1_152' title='bbox 1299 2965 1414 3063; x_wconf 81' lang='lat'>129⁶,</span> 
     </span>
    </p>
   </div>
   <div class='ocr_carea' id='block_1_4' title="bbox 376 3078 1424 4545">
    <p class='ocr_par' dir='ltr' id='par_1_5' title="bbox 376 3078 1424 4545">
     <span class='ocr_line' id='line_1_22' title="bbox 377 3078 1413 3175; baseline 0.007 -26"><span class='ocrx_word' id='word_1_153' title='bbox 377 3102 461 3149; x_wconf 88' lang='lat' dir='ltr'>cum</span> <span class='ocrx_word' id='word_1_154' title='bbox 489 3078 635 3175; x_wconf 89' lang='lat' dir='ltr'>quidem</span> <span class='ocrx_word' id='word_1_155' title='bbox 663 3079 791 3153; x_wconf 86' lang='lat' dir='ltr'>librarii</span> <span class='ocrx_word' id='word_1_156' title='bbox 819 3106 890 3154; x_wconf 90' lang='lat' dir='ltr'>non</span> <span class='ocrx_word' id='word_1_157' title='bbox 917 3102 991 3154; x_wconf 80' lang='lat' dir='ltr'>tom</span> <span class='ocrx_word' id='word_1_158' title='bbox 1016 3083 1210 3157; x_wconf 79' lang='lat' dir='ltr'>emendetae</span> <span class='ocrx_word' id='word_1_159' title='bbox 1233 3080 1413 3170; x_wconf 74' lang='lat' dir='ltr'>lectionis,</span> 
     </span>
     <span class='ocr_line' id='line_1_23' title="bbox 377 3194 1415 3294; baseline 0.004 -29"><span class='ocrx_word' id='word_1_160' title='bbox 377 3217 486 3288; x_wconf 86' lang='lat' dir='ltr'>quarn</span> <span class='ocrx_word' id='word_1_161' title='bbox 508 3194 719 3269; x_wconf 70' lang='lat' dir='ltr'>colledtionis</span> <span class='ocrx_word' id='word_1_162' title='bbox 740 3195 915 3284; x_wconf 88' lang='lat' dir='ltr'>omnium,</span> <span class='ocrx_word' id='word_1_163' title='bbox 944 3198 1006 3293; x_wconf 93' lang='lat' dir='ltr'>qui</span> <span class='ocrx_word' id='word_1_164' title='bbox 1029 3195 1168 3294; x_wconf 89' lang='lat' dir='ltr'>reperiri</span> <span class='ocrx_word' id='word_1_165' title='bbox 1190 3198 1345 3294; x_wconf 81' lang='lat' dir='ltr'>pnlsent,</span> <span class='ocrx_word' id='word_1_166' title='bbox 1367 3195 1415 3270; x_wconf 90' lang='lat' dir='ltr'>li·</span> 
     </span>
     <span class='ocr_line' id='line_1_24' title="bbox 378 3306 1418 3393; baseline 0.009 -16"><span class='ocrx_word' id='word_1_167' title='bbox 378 3306 536 3393; x_wconf 87' lang='lat' dir='ltr'>brorum,</span> <span class='ocrx_word' id='word_1_168' title='bbox 562 3308 732 3384; x_wconf 82' lang='lat' dir='ltr'>rationem</span> <span class='ocrx_word' id='word_1_169' title='bbox 749 3310 960 3383; x_wconf 83' lang='lat' dir='ltr'>habuerunt.</span> <span class='ocrx_word' id='word_1_170' title='bbox 1011 3310 1135 3386; x_wconf 82' lang='lat' dir='ltr'>Tertio</span> <span class='ocrx_word' id='word_1_171' title='bbox 1150 3311 1202 3386; x_wconf 89' lang='lat' dir='ltr'>est</span> <span class='ocrx_word' id='word_1_172' title='bbox 1217 3309 1363 3386; x_wconf 85' lang='lat' dir='ltr'>Codicis</span> <span class='ocrx_word' id='word_1_173' title='bbox 1378 3311 1418 3386; x_wconf 88' lang='lat' dir='ltr'>E</span> 
     </span>
     <span class='ocr_line' id='line_1_25' title="bbox 376 3418 1416 3522; baseline 0.01 -31"><span class='ocrx_word' id='word_1_174' title='bbox 376 3418 439 3515; x_wconf 92' lang='lat' dir='ltr'>qui</span> <span class='ocrx_word' id='word_1_175' title='bbox 456 3420 608 3496; x_wconf 87' lang='lat' dir='ltr'>eundem</span> <span class='ocrx_word' id='word_1_176' title='bbox 624 3420 794 3496; x_wconf 89' lang='lat' dir='ltr'>librorum</span> <span class='ocrx_word' id='word_1_177' title='bbox 807 3447 1008 3512; x_wconf 89' lang='lat' dir='ltr'>numerum,</span> <span class='ocrx_word' id='word_1_178' title='bbox 1027 3423 1084 3498; x_wconf 85' lang='lat' dir='ltr'>sed</span> <span class='ocrx_word' id='word_1_179' title='bbox 1098 3423 1290 3500; x_wconf 66' lang='lat' dir='ltr'>lectionem</span> <span class='ocrx_word' id='word_1_180' title='bbox 1302 3423 1416 3522; x_wconf 87' lang='lat' dir='ltr'>scrip·</span> 
     </span>
     <span class='ocr_line' id='line_1_26' title="bbox 377 3535 1416 3636; baseline 0.007 -29"><span class='ocrx_word' id='word_1_181' title='bbox 377 3548 566 3631; x_wconf 78' lang='lat' dir='ltr'>tutamque</span> <span class='ocrx_word' id='word_1_182' title='bbox 588 3535 698 3632; x_wconf 76' lang='lat' dir='ltr'>magis</span> <span class='ocrx_word' id='word_1_183' title='bbox 722 3539 883 3612; x_wconf 79' lang='lat' dir='ltr'>fincerarn</span> <span class='ocrx_word' id='word_1_184' title='bbox 901 3538 1020 3626; x_wconf 81' lang='lat' dir='ltr'>hebet,</span> <span class='ocrx_word' id='word_1_185' title='bbox 1039 3536 1193 3636; x_wconf 83' lang='lat' dir='ltr'>petitam</span> <span class='ocrx_word' id='word_1_186' title='bbox 1219 3564 1267 3613; x_wconf 86' lang='lat' dir='ltr'>ex</span> <span class='ocrx_word' id='word_1_187' title='bbox 1292 3538 1416 3614; x_wconf 85' lang='lat' dir='ltr'>vetus·</span> 
     </span>
     <span class='ocr_line' id='line_1_27' title="bbox 379 3647 1417 3749; baseline 0.008 -29"><span class='ocrx_word' id='word_1_188' title='bbox 379 3647 525 3722; x_wconf 87' lang='lat' dir='ltr'>tioribus</span> <span class='ocrx_word' id='word_1_189' title='bbox 554 3674 595 3724; x_wconf 81' lang='lat' dir='ltr'>ac</span> <span class='ocrx_word' id='word_1_190' title='bbox 621 3648 820 3724; x_wconf 86' lang='lat' dir='ltr'>melioribus</span> <span class='ocrx_word' id='word_1_191' title='bbox 849 3651 968 3728; x_wconf 85' lang='lat' dir='ltr'>libris:</span> <span class='ocrx_word' id='word_1_192' title='bbox 1010 3652 1155 3749; x_wconf 86' lang='lat' dir='ltr'>scriptus</span> <span class='ocrx_word' id='word_1_193' title='bbox 1189 3651 1318 3728; x_wconf 79' lang='lat' dir='ltr'>saeculn</span> <span class='ocrx_word' id='word_1_194' title='bbox 1349 3649 1417 3728; x_wconf 82' lang='lat' dir='ltr'>xiv</span> 
     </span>
     <span class='ocr_line' id='line_1_28' title="bbox 378 3760 1419 3866; baseline 0.008 -32"><span class='ocrx_word' id='word_1_195' title='bbox 378 3760 545 3840; x_wconf 86' lang='lat' dir='ltr'>ineunte:</span> <span class='ocrx_word' id='word_1_196' title='bbox 573 3763 725 3859; x_wconf 86' lang='lat' dir='ltr'>ejusdem</span> <span class='ocrx_word' id='word_1_197' title='bbox 752 3765 884 3863; x_wconf 87' lang='lat' dir='ltr'>generis</span> <span class='ocrx_word' id='word_1_198' title='bbox 906 3767 955 3840; x_wconf 88' lang='lat' dir='ltr'>est</span> <span class='ocrx_word' id='word_1_199' title='bbox 980 3767 1171 3854; x_wconf 74' lang='lat' dir='ltr'>Palatinus,</span> <span class='ocrx_word' id='word_1_200' title='bbox 1197 3766 1234 3844; x_wconf 89' lang='lat' dir='ltr'>iu</span> <span class='ocrx_word' id='word_1_201' title='bbox 1257 3770 1419 3866; x_wconf 83' lang='lat' dir='ltr'>Sympo-</span> 
     </span>
     <span class='ocr_line' id='line_1_29' title="bbox 379 3873 1419 3978; baseline 0.008 -30"><span class='ocrx_word' id='word_1_202' title='bbox 379 3873 471 3978; x_wconf 68' lang='lat' dir='ltr'>siacis</span> <span class='ocrx_word' id='word_1_203' title='bbox 488 3874 595 3951; x_wconf 83' lang='lat' dir='ltr'>otiam</span> <span class='ocrx_word' id='word_1_204' title='bbox 613 3877 748 3966; x_wconf 87' lang='lat' dir='ltr'>melior,</span> <span class='ocrx_word' id='word_1_205' title='bbox 764 3878 896 3976; x_wconf 86' lang='lat' dir='ltr'>quippe</span> <span class='ocrx_word' id='word_1_206' title='bbox 911 3904 998 3977; x_wconf 82' lang='lat' dir='ltr'>quas</span> <span class='ocrx_word' id='word_1_207' title='bbox 1011 3882 1135 3958; x_wconf 87' lang='lat' dir='ltr'>Codex</span> <span class='ocrx_word' id='word_1_208' title='bbox 1151 3884 1184 3956; x_wconf 87' lang='lat' dir='ltr'>E</span> <span class='ocrx_word' id='word_1_209' title='bbox 1200 3907 1221 3955; x_wconf 85' lang='lat' dir='ltr'>a</span> <span class='ocrx_word' id='word_1_210' title='bbox 1237 3879 1419 3956; x_wconf 86' lang='lat' dir='ltr'>deteriore</span> 
     </span>
     <span class='ocr_line' id='line_1_30' title="bbox 377 3986 1420 4092; baseline 0.015 -36"><span class='ocrx_word' id='word_1_211' title='bbox 377 4008 418 4056; x_wconf 87' lang='lat' dir='ltr'>ac</span> <span class='ocrx_word' id='word_1_212' title='bbox 434 3986 620 4081; x_wconf 88' lang='lat' dir='ltr'>posteriore</span> <span class='ocrx_word' id='word_1_213' title='bbox 637 4016 747 4068; x_wconf 82' lang='lat' dir='ltr'>manu</span> <span class='ocrx_word' id='word_1_214' title='bbox 771 3990 911 4092; x_wconf 82' lang='lat' dir='ltr'>scriptos</span> <span class='ocrx_word' id='word_1_215' title='bbox 937 3994 1068 4082; x_wconf 74' lang='lat' dir='ltr'>habet,</span> <span class='ocrx_word' id='word_1_216' title='bbox 1094 4008 1266 4072; x_wconf 74' lang='lat' dir='ltr'>coeterum</span> <span class='ocrx_word' id='word_1_217' title='bbox 1283 3994 1362 4074; x_wconf 76' lang='lat' dir='ltr'>aliis</span> <span class='ocrx_word' id='word_1_218' title='bbox 1377 3994 1420 4072; x_wconf 84' lang='lat' dir='ltr'>in</span> 
     </span>
     <span class='ocr_line' id='line_1_31' title="bbox 378 4097 1421 4214; baseline 0.016 -42"><span class='ocrx_word' id='word_1_219' title='bbox 378 4097 474 4172; x_wconf 90' lang='lat' dir='ltr'>libris</span> <span class='ocrx_word' id='word_1_220' title='bbox 490 4116 632 4178; x_wconf 83' lang='lat' dir='ltr'>caeteros</span> <span class='ocrx_word' id='word_1_221' title='bbox 649 4105 802 4200; x_wconf 84' lang='lat' dir='ltr'>ejusdem</span> <span class='ocrx_word' id='word_1_222' title='bbox 824 4107 937 4186; x_wconf 80' lang='lat' dir='ltr'>aetatis</span> <span class='ocrx_word' id='word_1_223' title='bbox 961 4110 1099 4186; x_wconf 86' lang='lat' dir='ltr'>codices</span> <span class='ocrx_word' id='word_1_224' title='bbox 1123 4116 1285 4190; x_wconf 85' lang='lat' dir='ltr'>multum</span> <span class='ocrx_word' id='word_1_225' title='bbox 1309 4113 1421 4214; x_wconf 42' lang='lat' dir='ltr'>supet</span> 
     </span>
     <span class='ocr_line' id='line_1_32' title="bbox 379 4217 1424 4325; baseline 0.024 -41"><span class='ocrx_word' id='word_1_226' title='bbox 379 4237 470 4290; x_wconf 83' lang='lat' dir='ltr'>rans.</span> <span class='ocrx_word' id='word_1_227' title='bbox 520 4217 656 4315; x_wconf 72' lang='lat' dir='ltr'>Quarta</span> <span class='ocrx_word' id='word_1_228' title='bbox 683 4218 793 4294; x_wconf 86' lang='lat' dir='ltr'>exstat</span> <span class='ocrx_word' id='word_1_229' title='bbox 818 4222 855 4294; x_wconf 92' lang='lat' dir='ltr'>in</span> <span class='ocrx_word' id='word_1_230' title='bbox 880 4222 1000 4298; x_wconf 90' lang='lat' dir='ltr'>codioe</span> <span class='ocrx_word' id='word_1_231' title='bbox 1024 4228 1064 4312; x_wconf 89' lang='lat' dir='ltr'>B,</span> <span class='ocrx_word' id='word_1_232' title='bbox 1091 4226 1150 4302; x_wconf 91' lang='lat' dir='ltr'>cui</span> <span class='ocrx_word' id='word_1_233' title='bbox 1175 4234 1290 4325; x_wconf 78' lang='lat' dir='ltr'>major</span> <span class='ocrx_word' id='word_1_234' title='bbox 1305 4226 1424 4308; x_wconf 79' lang='lat' dir='ltr'>etiam</span> 
     </span>
     <span class='ocr_line' id='line_1_33' title="bbox 381 4326 1421 4442; baseline 0.02 -42"><span class='ocrx_word' id='word_1_235' title='bbox 381 4326 539 4403; x_wconf 75' lang='lat' dir='ltr'>odlnbita</span> <span class='ocrx_word' id='word_1_236' title='bbox 554 4328 603 4403; x_wconf 86' lang='lat' dir='ltr'>est</span> <span class='ocrx_word' id='word_1_237' title='bbox 618 4333 870 4408; x_wconf 74' lang='lat' dir='ltr'>emendationis</span> <span class='ocrx_word' id='word_1_238' title='bbox 895 4361 978 4409; x_wconf 85' lang='lat' dir='ltr'>cura</span> <span class='ocrx_word' id='word_1_239' title='bbox 1003 4344 1155 4442; x_wconf 75' lang='lat' dir='ltr'>quaesitre</span> <span class='ocrx_word' id='word_1_240' title='bbox 1179 4339 1421 4439; x_wconf 83' lang='lat' dir='ltr'>expluribus</span> 
     </span>
     <span class='ocr_line' id='line_1_34' title="bbox 382 4438 1422 4545; baseline 0.023 -34"><span class='ocrx_word' id='word_1_241' title='bbox 382 4451 418 4512; x_wconf 84' lang='lat' dir='ltr'>ot</span> <span class='ocrx_word' id='word_1_242' title='bbox 435 4438 689 4539; x_wconf 87' lang='lat' dir='ltr'>antiquioribus</span> <span class='ocrx_word' id='word_1_243' title='bbox 705 4446 896 4545; x_wconf 84' lang='lat' dir='ltr'>exemplis:</span> <span class='ocrx_word' id='word_1_244' title='bbox 925 4452 1061 4527; x_wconf 87' lang='lat' dir='ltr'>numeri</span> <span class='ocrx_word' id='word_1_245' title='bbox 1084 4469 1120 4528; x_wconf 93' lang='lat' dir='ltr'>et</span> <span class='ocrx_word' id='word_1_246' title='bbox 1138 4453 1286 4532; x_wconf 81' lang='lat' dir='ltr'>summae</span> <span class='ocrx_word' id='word_1_247' title='bbox 1303 4456 1422 4534; x_wconf 88' lang='lat' dir='ltr'>libro·</span> 
     </span>
    </p>
   </div>
   <div class='ocr_carea' id='block_1_5' title="bbox 0 0 1840 5492">
    <p class='ocr_par' dir='ltr' id='par_1_6' title="bbox 0 0 1840 5492">
     <span class='ocr_line' id='line_1_35' title="bbox 0 0 1840 5492; baseline 0 0"><span class='ocrx_word' id='word_1_248' title='bbox 0 0 1840 5492; x_wconf 95' lang='lat' dir='ltr'> </span> 
     </span>
    </p>
   </div>
  </div>
 </body>
</html>
