3642 5492
627 645 658 720 P
683 643 719 718 R
746 643 797 720 AE
823 645 915 744 EA
939 643 976 717 T
1002 644 1019 718 l
1045 644 1093 718 Ο.
1232 648 1383 723 cxxxvii

367 845 460 933 partas
474 856 538 904 nec
553 829 660 903 ullius
677 830 803 904 veteris
819 829 898 904 libri
916 830 1049 904 offensu
1066 830 1292 905 confirmatas
1310 857 1383 908 non

377 949 423 1023 nil
447 948 598 1021 rariffime
632 948 757 1046 recepi.
822 948 868 1022 Iis
898 948 1084 1023 tamenin
1115 948 1201 1021 locis
1230 949 1294 1024 ubi
1327 947 1383 1025 vel

379 1066 474 1163 priores
497 1067 573 1162 jam
599 1064 762 1139 Editores
787 1065 1005 1163 recepiffent,
1026 1067 1082 1138 vel
1107 1064 1164 1139 alii
1183 1064 1295 1139 etiam
1318 1066 1383 1139 viri

380 1180 493 1258 donin
507 1183 669 1268 eandem,
695 1197 804 1278 atque
827 1207 907 1280 eg0,
932 1208 950 1253 e
967 1180 1169 1276 conjectura
1186 1180 1383 1254 ineidiffent

381 1297 607 1384 roneltionem,
628 1299 709 1395 plus
727 1298 814 1371 mihi
834 1300 934 1372 licere
952 1297 1141 1371 arbitratus
1159 1298 1248 1372 sum.
1292 1296 1384 1373 Sane

381 1416 568 1487 concedenda
591 1414 641 1494 est
666 1416 739 1487 haec
764 1414 903 1488 Editori
922 1413 1075 1499 libertas,
1102 1414 1291 1511 siquidem
1308 1414 1383 1509 ejus

381 1525 454 1601 olum
478 1532 521 1602 ad
547 1529 805 1627 probabilitatis
831 1531 960 1628 gradus
987 1544 1098 1627 regat.
1152 1536 1203 1603 At
1228 1556 1308 1627 quae
1334 1531 1383 1603 est

380 1641 454 1736 hujus
481 1643 737 1742 probabilitatis
770 1657 805 1717 et
841 1647 1018 1742 graduum
1047 1645 1231 1718 mensura?
1268 1649 1383 1720 Suum

380 1754 511 1855 cujusque
536 1757 691 1831 Editoris
715 1757 921 1853 judicium,
961 1761 1071 1832 niodo
1098 1761 1210 1832 valeat
1242 1759 1384 1835 scientia

382 1896 475 1964 rentur,
500 1876 641 1975 linguae,
667 1876 732 1949 usu
764 1876 943 1964 nonoris,
970 1875 1101 1949 alienus
1126 1902 1146 1948 a
1171 1876 1383 1966 temeritate,

382 1991 510 2066 novitatis
535 1992 665 2080 studio,
688 1992 857 2080 vanitate,
881 2020 923 2065 ne
954 1996 994 2065 srt
1023 1991 1221 2076 subitarios,
1249 1996 1384 2066 tumul·

384 2107 492 2198 roanos,
507 2108 698 2197 festinator,
713 2109 770 2183 sed
788 2125 948 2207 tempore
963 2108 1147 2207 diligenter
1161 2109 1385 2209 cogitateque

371 2213 596 2322 ¹progrediatur.
638 2225 817 2324 Equidem
836 2225 872 2298 in
889 2227 957 2299 hoc
973 2224 1117 2324 negotio
1135 2224 1246 2324 magis
1263 2249 1385 2298 vereor

380 2360 412 2407 ne
433 2342 486 2413 lot
512 2340 644 2439 quibus
672 2368 810 2440 parum,
840 2367 904 2415 nec
933 2340 1011 2415 satis
1038 2342 1248 2428 constanter,
1275 2368 1385 2440 quam

382 2451 478 2548 quibus
493 2456 645 2531 nimium
662 2455 775 2531 fecille
793 2456 922 2532 videar.
976 2456 1092 2556 Atqui
1118 2458 1287 2531 affirmare
1305 2455 1384 2555 pos·

383 2563 436 2642 sun
450 2597 500 2645 me
516 2599 745 2671 quacumque
761 2574 798 2646 in
814 2576 964 2648 lettione
978 2576 1149 2649 mutanda
1162 2574 1389 2650 retinendave

381 2707 486 2782 operam
502 2691 633 2766 dediffe
648 2708 689 2764 ut
710 2691 797 2766 milri
813 2693 1020 2780 multarem,
1047 2719 1087 2765 ae
1104 2693 1241 2767 sensum
1258 2718 1386 2793 quem-

381 2798 438 2876 dam
461 2833 578 2882 meum
605 2807 855 2905 judiciumque
879 2807 1138 2905 probabilitatis
1164 2807 1385 2883 consuluisse.

383 2913 619 2996 Innumerabilia
650 2928 775 3020 poffim
810 2921 942 2996 adferre
975 2925 1170 3019 exempla:
1214 2923 1388 3021 defungar

382 3031 466 3125 unico,
491 3064 564 3136 quo
590 3037 808 3137 intelligatur
832 3038 921 3136 quid
948 3037 1067 3111 velim.
1120 3041 1223 3112 Duos
1250 3038 1386 3112 correxi

382 3145 479 3227 locose
495 3155 709 3250 conjedtura,
736 3154 773 3229 id
796 3156 845 3229 est
862 3155 1076 3229 adsentiente
1095 3156 1193 3230 nullo
1210 3169 1326 3228 vetere
1345 3155 1386 3228 li·

383 3261 443 3342 bro:
463 3287 657 3370 utrumque
675 3298 721 3346 ex
738 3274 864 3345 eodem
882 3274 1043 3359 Platone,
1069 3273 1193 3346 eadem
1216 3272 1387 3369 probabi-

383 3374 461 3459 litate.
509 3390 614 3463 Alter
637 3387 687 3461 est
714 3388 750 3461 in
777 3388 866 3462 libro
896 3390 954 3462 De
980 3392 1176 3463 Educatione
1200 3392 1386 3477 Puerorum,

382 3518 442 3596 Μ,
457 3506 503 3595 D,
521 3505 584 3581 ubi
604 3510 761 3587 πολλάκις
783 3514 795 3580 ὅ
815 3510 936 3608 Κράτης
961 3506 1086 3580 falsum
1113 3505 1175 3593 est,
1201 3521 1238 3580 et
1261 3532 1387 3581 verum

381 3623 502 3704 πολλάκις
520 3626 691 3726 Σωκράτης,
717 3639 757 3696 ut
775 3622 957 3698 manifesto
973 3639 1116 3720 apparet
1139 3648 1159 3695 e
1184 3623 1332 3696 Platone
1351 3620 1387 3694 in

382 3727 593 3833 Clitophonte,
618 3763 655 3834 P·
676 3765 695 3810 2
701 3766 720 3836 5
726 3765 760 3838 52
789 3740 838 3812 D.
891 3740 995 3812 Alter
1021 3738 1070 3812 est
1100 3737 1136 3810 in
1167 3738 1388 3830 eraestt'orribrrs

382 3843 532 3941 Platonicis,
559 3879 596 3952 p.
615 3881 722 3942 1001,
749 3861 796 3942 A,
815 3854 878 3929 ubi
895 3854 1105 3929 mendosum
1123 3852 1235 3926 exstat
1253 3853 1290 3926 in
1307 3880 1386 3927 om-

381 3957 456 4041 nibus
475 3970 570 4044 libris
596 3975 829 4058 Kosamba,
859 3974 939 4045 loco
967 3995 1057 4044 verae
1087 3967 1245 4043 lettionis
1274 3969 1387 4043 καλλί-

381 4089 460 4171 παιδα,
484 4086 633 4161 utitem
651 4085 835 4161 manifesto
862 4103 1046 4185 apparete
1065 4088 1212 4160 Platone
1231 4085 1268 4159 in
1286 4086 1388 4158 Phae·

381 4189 435 4283 (1¹⁰,
454 4227 489 4299 p.
508 4230 593 4303 350,
621 4207 670 4278 G.
723 4209 774 4277 At
801 4206 868 4277 hoc
895 4206 974 4277 loco
992 4202 1105 4299 recepi
1122 4201 1388 4287 correttionem,

379 4302 421 4383 llo
434 4342 497 4393 non
515 4320 613 4393 item.
659 4322 802 4417 Nempe
820 4320 1050 4393 in'Platonicis
1072 4319 1305 4412 eraestionibun
1325 4316 1389 4415 qui

379 4423 598 4529 ellgermanus
617 4436 798 4537 Plutarchi
816 4436 916 4523 liber,
936 4461 1007 4509 non
1024 4451 1097 4508 erat
1115 4433 1281 4522 dubium,
1299 4433 1388 4532 quin

380 4545 502 4641 Audor,
526 4557 636 4631 homo
657 4555 785 4629 doetus
808 4569 843 4628 et
868 4553 1033 4653 prudens,
1060 4551 1110 4626 ita
1124 4549 1323 4650 scripsrllet:
1349 4564 1398 4627 at·
