3642 5492
328 611 490 700 'amr
658 624 1122 700 nantario

371 812 561 909 imparatus
591 812 753 908 suscipere
784 815 941 898 auderet,
971 837 1043 884 non
1070 809 1102 882 ei
1132 807 1296 906 quirem
1326 831 1411 881 cum

370 945 540 1026 apparatu
558 957 597 1003 ac
616 930 799 1029 diligentia
816 944 945 1030 ageret.
1288 943 1290 948 ’

421 1047 535 1145 Igitur
559 1048 603 1119 ad
630 1047 753 1121 nostrae
773 1047 948 1122 Editionis
971 1047 1074 1121 usum
1098 1045 1230 1143 reliqua
1247 1058 1323 1117 erat
1341 1067 1413 1117 non

371 1159 431 1233 nisi
449 1163 556 1235 altera
574 1161 725 1251 semissis,
744 1163 778 1237 id
796 1163 858 1250 est,
877 1162 1163 1237 Emendationes.
1215 1163 1265 1234 Et
1283 1161 1412 1234 harum

371 1276 527 1372 primunr
544 1278 689 1374 quidem
715 1306 843 1378 magna
866 1305 944 1378 pars
969 1277 1019 1352 est
1042 1301 1131 1350 vana
1148 1300 1189 1348 ac
1207 1273 1413 1372 supervaca-

372 1418 449 1478 nea,
475 1393 606 1492 quippe
632 1395 763 1494 quibus
792 1395 859 1470 loci
879 1394 959 1467 ‘sani
984 1410 1019 1466 et
1043 1390 1171 1489 integri
1195 1404 1383 1462 tentantur
1397 1416 1409 1478 3

371 1507 498 1581 deinde
532 1536 653 1584 earum
691 1511 775 1586 item
815 1539 895 1609 quae
933 1509 969 1582 in
1004 1508 1089 1582 loeis
1127 1503 1302 1603 corruptis
1336 1529 1412 1576 ver-

372 1623 502 1712 santur,
529 1625 639 1722 major
664 1645 755 1700 certe
781 1653 859 1724 pars
885 1624 965 1699 falsa
990 1623 1061 1698 est:
1090 1622 1128 1696 in
1151 1639 1310 1719 utroque
1326 1645 1414 1695 con·

366 1739 582 1833 jetturarum
610 1767 746 1839 genere,
774 1739 895 1813 erroris
923 1739 1000 1813 fons
1026 1725 1100 1812 ertit
1125 1734 1302 1836 ignoratio
1328 1759 1415 1808 con·

372 1853 564 1929 suetudinis
581 1881 615 1930 er
634 1857 799 1932 orationis
819 1857 1046 1931 Plutarclreae.
1078 1847 1081 1854 ¹
1100 1849 1264 1950 Superest
1283 1849 1415 1949 proba·

372 1959 499 2048 bilium
523 2002 689 2062 numerus
714 1975 1019 2062 emendationum,
1042 1973 1119 2072 qui,
1145 1987 1188 2046 ut
1213 1971 1416 2069 plurimum

372 2089 401 2162 ei
431 2090 598 2182 tribuam,
628 2095 673 2166 ael
700 2092 1196 2174 totarnAnirnadversronum
1222 2091 1415 2176 summam,

372 2234 411 2300 ea
435 2209 569 2283 ratione
593 2211 783 2286 censendus
807 2211 970 2285 videatur
994 2238 1067 2309 qua
1091 2209 1172 2285 sunt
1196 2207 1352 2282 sedecim
1369 2205 1416 2280 ad

372 2339 530 2428 centum.
584 2329 727 2400 Hamm
747 2325 830 2400 item
848 2325 984 2400 semissis
1000 2332 1075 2421 jam
1091 2350 1112 2396 a
1127 2321 1307 2422 prioribus
1323 2319 1417 2394 fasta

372 2459 442 2544 erat
463 2442 711 2538 interpretibus
728 2460 762 2514 et
782 2442 995 2518 editoribus:
1024 2444 1084 2514 lias
1101 2444 1323 2523 Rursrtrus,
1341 2461 1416 2510 non

373 2557 518 2653 quidem
537 2556 666 2655 plagio,
685 2561 781 2653 quod
802 2558 836 2632 in
850 2561 947 2631 hunc
964 2556 1148 2630 hominem
1163 2581 1236 2628 non
1248 2552 1416 2638 cadebat,

374 2672 429 2742 l'etl
449 2672 557 2742 modo
575 2672 741 2765 prudens,
762 2673 869 2744 modo
887 2671 1105 2769 imprudens,
1125 2668 1292 2766 repetiit:
1320 2667 1416 2742 mul·

375 2801 425 2855 tas
441 2782 549 2857 etiam
565 2811 584 2856 c
603 2786 829 2859 Xrtnunnr
850 2787 976 2859 latina
991 2791 1143 2859 serlione
1160 2783 1325 2880 suscepit.

425 2903 519 2996 Ergo
536 2901 677 2972 residua·
693 2898 769 2972 lirnt
785 2901 935 2996 propria>
952 2903 1124 2974 Rursrttt
1141 2901 1281 2972 ostonae
1295 2923 1417 2972 emen·

373 3014 531 3086 dationes
559 3016 755 3109 probabiles
783 3043 801 3086 e
830 3016 986 3088 centenis
1016 3014 1415 3090 Anirnadverfionibus:

374 3155 525 3224 cpiarum
544 3145 635 3200 certe
652 3130 801 3203 dodrans
820 3129 989 3223 eiulinodi
1009 3130 1116 3203 estut
1134 3157 1220 3203 euni
1238 3130 1303 3228 qui
1321 3129 1419 3229 longi

374 3227 539 3337 temporis
556 3244 808 3317 consuetudine
827 3248 1059 3319 Plutarchum
1078 3244 1214 3318 triverit
1229 3271 1305 3318 non
1318 3243 1418 3318 facile

374 3357 492 3454 sugere
510 3358 701 3452 potuerint.
754 3358 830 3430 Sint
850 3359 955 3458 igitur
971 3387 989 3432 e
1014 3359 1170 3433 centenis
1185 3362 1267 3434 duae
1285 3361 1337 3434 ita
1352 3363 1416 3434 ab·

374 3470 457 3543 ditae
483 3487 518 3542 et
543 3469 688 3542 inventu
713 3470 880 3559 difficiles,
908 3493 948 3547 ut
974 3472 1034 3546 nisi
1062 3475 1278 3549 Rursrtrus
1303 3473 1420 3548 casin

376 3590 490 3660 lucem
509 3587 717 3682 protulill'et,
742 3590 857 3661 adhue
881 3589 1049 3687 ignoratae
1066 3593 1246 3664 laterent?
1275 3590 1342 3665 Nil
1366 3591 1421 3666 di·

375 3728 453 3773 cam
479 3701 523 3773 ele
549 3701 635 3773 meis
660 3703 966 3777 emendationibus
983 3707 1038 3777 vel
1061 3733 1105 3778 ex
1123 3705 1220 3780 libris
1238 3706 1422 3782 veteribus

377 3818 428 3885 rel
464 3842 482 3886 e
512 3815 712 3910 eon-iestura
744 3818 949 3913 deprorntis.
1003 3823 1291 3897 Mrzrnrncns
1320 3849 1423 3898 com-

377 3929 534 4025 pluribus
551 3931 635 4005 locis
655 3931 689 4004 in
705 3932 854 4019 easdem,
874 3934 1015 4030 quasin
1033 3935 1169 4010 binario
1188 3937 1249 4010 illo
1268 3965 1423 4014 numero

378 4043 566 4130 cenl'ernuS,
597 4064 702 4143 atque
730 4049 956 4134 Rnrsrtrcs,
987 4049 1110 4124 incidit
1137 4053 1425 4130 emendationes

380 4163 421 4231 ln
450 4159 574 4232 eodem
595 4161 736 4246 ¹binario
760 4179 795 4236 et
825 4163 962 4261 egregio
988 4191 1127 4263 genere,
1158 4182 1203 4240 ut
1227 4170 1299 4241 hoc
1327 4185 1426 4258 utar,

379 4275 458 4344 duas
489 4271 565 4345 suin
601 4275 824 4349 Reilkianae:
866 4282 973 4350 altera
1008 4282 1066 4352 Dr
1101 4283 1182 4374 Iside
1213 4299 1245 4353 et
1281 4287 1426 4376 Oſsride‚

379 4412 415 4481 p.
435 4393 518 4485 364,
545 4389 593 4472 l),
617 4389 679 4460 ubi
704 4397 786 4464 'inno
811 4391 994 4490 refingitur
1012 4419 1055 4466 ex
1074 4400 1198 4473 ἔθηκενε
1228 4398 1339 4470 altera
1367 4399 1426 4472 De

258 4903 377 5097 Ἥ
