<?xml version="1.0" encoding="UTF-8"?>
<!DOCTYPE html PUBLIC "-//W3C//DTD XHTML 1.0 Transitional//EN"
    "http://www.w3.org/TR/xhtml1/DTD/xhtml1-transitional.dtd">
<html xmlns="http://www.w3.org/1999/xhtml" xml:lang="en" lang="en">
 <head>
  <title>
</title>
<meta http-equiv="Content-Type" content="text/html;charset=utf-8" />
  <meta name='ocr-system' content='tesseract 3.04.00' />
  <meta name='ocr-capabilities' content='ocr_page ocr_carea ocr_par ocr_line ocrx_word'/>
</head>
<body>
  <div class='ocr_page' id='page_1' title='image "./plutarchichaero10plutgoog_0078.png"; bbox 0 0 3642 5492; ppageno 0'>
   <div class='ocr_carea' id='block_1_1' title="bbox 367 569 1404 888">
    <p class='ocr_par' dir='ltr' id='par_1_1' title="bbox 367 569 1404 888">
     <span class='ocr_line' id='line_1_1' title="bbox 369 569 1114 677; baseline -0.012 0"><span class='ocrx_word' id='word_1_1' title='bbox 369 601 469 677; x_wconf 74' lang='lat' dir='ltr'>rnrv</span> <span class='ocrx_word' id='word_1_2' title='bbox 639 569 1114 676; x_wconf 73' lang='lat' dir='ltr'>&#39;rnAEnn&#39;rro</span> 
     </span>
     <span class='ocr_line' id='line_1_2' title="bbox 367 768 1404 888; baseline -0.016 -27"><span class='ocrx_word' id='word_1_3' title='bbox 367 787 420 888; x_wconf 93' lang='lat' dir='ltr'>pli</span> <span class='ocrx_word' id='word_1_4' title='bbox 434 786 569 870; x_wconf 89' lang='lat' dir='ltr'>codice,</span> <span class='ocrx_word' id='word_1_5' title='bbox 594 782 643 856; x_wconf 87' lang='lat' dir='ltr'>ita</span> <span class='ocrx_word' id='word_1_6' title='bbox 666 781 855 880; x_wconf 84' lang='lat' dir='ltr'>descriptus</span> <span class='ocrx_word' id='word_1_7' title='bbox 876 799 920 856; x_wconf 92' lang='lat' dir='ltr'>ut</span> <span class='ocrx_word' id='word_1_8' title='bbox 940 777 1155 878; x_wconf 76' lang='lat' dir='ltr'>antiquiores</span> <span class='ocrx_word' id='word_1_9' title='bbox 1169 768 1404 870; x_wconf 83' lang='lat' dir='ltr'>melioresque</span> 
     </span>
    </p>
   </div>
   <div class='ocr_carea' id='block_1_2' title="bbox 369 886 1429 4529">
    <p class='ocr_par' dir='ltr' id='par_1_2' title="bbox 369 886 1405 1110">
     <span class='ocr_line' id='line_1_3' title="bbox 369 886 1405 994; baseline -0.012 -20"><span class='ocrx_word' id='word_1_10' title='bbox 369 903 471 974; x_wconf 78' lang='lat' dir='ltr'>simul</span> <span class='ocrx_word' id='word_1_11' title='bbox 499 897 768 985; x_wconf 81' lang='lat' dir='ltr'>adhiberentur3</span> <span class='ocrx_word' id='word_1_12' title='bbox 798 900 893 971; x_wconf 91' lang='lat' dir='ltr'>unde</span> <span class='ocrx_word' id='word_1_13' title='bbox 915 897 1081 994; x_wconf 71' lang='lat' dir='ltr'>quodam</span> <span class='ocrx_word' id='word_1_14' title='bbox 1104 893 1241 966; x_wconf 69' lang='lat' dir='ltr'>lacuna</span> <span class='ocrx_word' id='word_1_15' title='bbox 1255 886 1405 963; x_wconf 72' lang='lat' dir='ltr'>uberius</span> 
     </span>
     <span class='ocr_line' id='line_1_4' title="bbox 369 1008 1115 1110; baseline -0.005 -24"><span class='ocrx_word' id='word_1_16' title='bbox 369 1014 478 1088; x_wconf 86' lang='lat' dir='ltr'>etiam</span> <span class='ocrx_word' id='word_1_17' title='bbox 495 1014 657 1110; x_wconf 72' lang='lat' dir='ltr'>expletae,</span> <span class='ocrx_word' id='word_1_18' title='bbox 673 1027 709 1084; x_wconf 87' lang='lat' dir='ltr'>et</span> <span class='ocrx_word' id='word_1_19' title='bbox 728 1015 828 1109; x_wconf 85' lang='lat' dir='ltr'>plura</span> <span class='ocrx_word' id='word_1_20' title='bbox 845 1013 974 1085; x_wconf 83' lang='lat' dir='ltr'>menda</span> <span class='ocrx_word' id='word_1_21' title='bbox 988 1008 1115 1083; x_wconf 70' lang='lat' dir='ltr'>taxata</span> 
     </span>
    </p>

    <p class='ocr_par' dir='ltr' id='par_1_3' title="bbox 371 1116 1429 1431">
     <span class='ocr_line' id='line_1_5' title="bbox 419 1116 1406 1222; baseline -0.011 -22"><span class='ocrx_word' id='word_1_22' title='bbox 419 1128 740 1201; x_wconf 86' lang='lat' dir='ltr'><strong>LEONARDUS</strong></span> <span class='ocrx_word' id='word_1_23' title='bbox 757 1127 969 1201; x_wconf 87' lang='lat' dir='ltr'>BRUNUS</span> <span class='ocrx_word' id='word_1_24' title='bbox 990 1124 1189 1222; x_wconf 69' lang='lat' dir='ltr'>complures</span> <span class='ocrx_word' id='word_1_25' title='bbox 1204 1121 1299 1192; x_wconf 71' lang='lat' dir='ltr'>Vitas</span> <span class='ocrx_word' id='word_1_26' title='bbox 1314 1116 1406 1191; x_wconf 88' lang='lat' dir='ltr'>Plu·</span> 
     </span>
     <span class='ocr_line' id='line_1_6' title="bbox 371 1230 1406 1340; baseline -0.012 -24"><span class='ocrx_word' id='word_1_27' title='bbox 371 1244 524 1317; x_wconf 77' lang='lat' dir='ltr'>tarcheas</span> <span class='ocrx_word' id='word_1_28' title='bbox 550 1239 679 1317; x_wconf 83' lang='lat' dir='ltr'>Latine</span> <span class='ocrx_word' id='word_1_29' title='bbox 706 1241 825 1330; x_wconf 86' lang='lat' dir='ltr'>vertit,</span> <span class='ocrx_word' id='word_1_30' title='bbox 852 1267 933 1340; x_wconf 75' lang='lat' dir='ltr'>quae</span> <span class='ocrx_word' id='word_1_31' title='bbox 960 1239 1097 1314; x_wconf 85' lang='lat' dir='ltr'>exstant</span> <span class='ocrx_word' id='word_1_32' title='bbox 1120 1236 1160 1311; x_wconf 92' lang='lat' dir='ltr'>in</span> <span class='ocrx_word' id='word_1_33' title='bbox 1183 1230 1406 1310; x_wconf 73' lang='lat' dir='ltr'>editionibm</span> 
     </span>
     <span class='ocr_line' id='line_1_7' title="bbox 375 1355 1429 1431; baseline -0.001 -1"><span class='ocrx_word' id='word_1_34' title='bbox 375 1362 520 1430; x_wconf 79' lang='lat' dir='ltr'>Virorum</span> <span class='ocrx_word' id='word_1_35' title='bbox 538 1355 683 1431; x_wconf 86' lang='lat' dir='ltr'>Latinis.</span> <span class='ocrx_word' id='word_1_36' title='bbox 1427 1365 1429 1370; x_wconf 81' lang='grc'><strong>’</strong></span> 
     </span>
    </p>

    <p class='ocr_par' dir='ltr' id='par_1_4' title="bbox 374 1464 1409 2237">
     <span class='ocr_line' id='line_1_8' title="bbox 423 1464 1408 1560; baseline 0.005 -17"><span class='ocrx_word' id='word_1_37' title='bbox 423 1473 699 1546; x_wconf 90' lang='lat' dir='ltr'>GUARINUS</span> <span class='ocrx_word' id='word_1_38' title='bbox 731 1474 1066 1559; x_wconf 86' lang='lat' dir='ltr'>VERONENSIS,</span> <span class='ocrx_word' id='word_1_39' title='bbox 1093 1464 1204 1543; x_wconf 86' lang='lat' dir='ltr'>ani</span> <span class='ocrx_word' id='word_1_40' title='bbox 1222 1464 1408 1560; x_wconf 69' lang='lat' dir='ltr'>amplo»</span> 
     </span>
     <span class='ocr_line' id='line_1_9' title="bbox 374 1578 1406 1683; baseline -0.011 -23"><span class='ocrx_word' id='word_1_41' title='bbox 374 1587 461 1660; x_wconf 87' lang='lat' dir='ltr'>item</span> <span class='ocrx_word' id='word_1_42' title='bbox 482 1590 573 1658; x_wconf 79' lang='lat' dir='ltr'>Vitas</span> <span class='ocrx_word' id='word_1_43' title='bbox 588 1585 723 1683; x_wconf 86' lang='lat' dir='ltr'>aliquot</span> <span class='ocrx_word' id='word_1_44' title='bbox 741 1587 867 1662; x_wconf 78' lang='lat' dir='ltr'>Latine</span> <span class='ocrx_word' id='word_1_45' title='bbox 885 1586 1053 1674; x_wconf 85' lang='lat' dir='ltr'>reddidit,</span> <span class='ocrx_word' id='word_1_46' title='bbox 1077 1608 1160 1683; x_wconf 75' lang='lat' dir='ltr'>quae</span> <span class='ocrx_word' id='word_1_47' title='bbox 1184 1578 1322 1653; x_wconf 87' lang='lat' dir='ltr'>ibidem</span> <span class='ocrx_word' id='word_1_48' title='bbox 1340 1601 1406 1650; x_wconf 86' lang='lat' dir='ltr'>ex·</span> 
     </span>
     <span class='ocr_line' id='line_1_10' title="bbox 374 1688 1409 1777; baseline -0.01 -3"><span class='ocrx_word' id='word_1_49' title='bbox 374 1701 478 1775; x_wconf 86' lang='lat' dir='ltr'>stant.</span> <span class='ocrx_word' id='word_1_50' title='bbox 530 1704 572 1775; x_wconf 90' lang='lat' dir='ltr'>In</span> <span class='ocrx_word' id='word_1_51' title='bbox 589 1704 714 1776; x_wconf 89' lang='lat' dir='ltr'>eodem</span> <span class='ocrx_word' id='word_1_52' title='bbox 731 1701 847 1776; x_wconf 86' lang='lat' dir='ltr'>studio</span> <span class='ocrx_word' id='word_1_53' title='bbox 870 1720 906 1777; x_wconf 87' lang='lat' dir='ltr'>et</span> <span class='ocrx_word' id='word_1_54' title='bbox 930 1701 1095 1776; x_wconf 88' lang='lat' dir='ltr'>instituto</span> <span class='ocrx_word' id='word_1_55' title='bbox 1116 1693 1226 1771; x_wconf 83' lang='lat' dir='ltr'>locuti</span> <span class='ocrx_word' id='word_1_56' title='bbox 1246 1692 1332 1767; x_wconf 89' lang='lat' dir='ltr'>sunt</span> <span class='ocrx_word' id='word_1_57' title='bbox 1348 1688 1409 1764; x_wconf 80' lang='lat' dir='ltr'>elii</span> 
     </span>
     <span class='ocr_line' id='line_1_11' title="bbox 376 1815 1408 1911; baseline -0.011 -22"><span class='ocrx_word' id='word_1_58' title='bbox 376 1816 483 1889; x_wconf 88' lang='lat' dir='ltr'>Itali:</span> <span class='ocrx_word' id='word_1_59' title='bbox 527 1816 777 1890; x_wconf 75' lang='lat' dir='ltr'>Laouannus</span> <span class='ocrx_word' id='word_1_60' title='bbox 812 1820 1106 1911; x_wconf 74' lang='lat' dir='ltr'>Jusrrnranus,</span> <span class='ocrx_word' id='word_1_61' title='bbox 1142 1815 1408 1908; x_wconf 76' lang='lat' dir='ltr'>Fnaucrscua</span> 
     </span>
     <span class='ocr_line' id='line_1_12' title="bbox 377 1928 1408 2032; baseline -0.007 -30"><span class='ocrx_word' id='word_1_62' title='bbox 377 1933 606 2018; x_wconf 68' lang='lat' dir='ltr'>Britannus,</span> <span class='ocrx_word' id='word_1_63' title='bbox 643 1933 843 2006; x_wconf 73' lang='lat' dir='ltr'>Donarus</span> <span class='ocrx_word' id='word_1_64' title='bbox 875 1938 1150 2032; x_wconf 70' lang='lat' dir='ltr'>Aoprnroaus,</span> <span class='ocrx_word' id='word_1_65' title='bbox 1186 1928 1408 2021; x_wconf 71' lang='lat' dir='ltr'>Jonnnxae</span> 
     </span>
     <span class='ocr_line' id='line_1_13' title="bbox 377 2035 1409 2145; baseline -0.006 -27"><span class='ocrx_word' id='word_1_66' title='bbox 377 2045 528 2132; x_wconf 77' lang='lat' dir='ltr'>Larus,</span> <span class='ocrx_word' id='word_1_67' title='bbox 553 2045 610 2120; x_wconf 90' lang='lat' dir='ltr'>alii</span> <span class='ocrx_word' id='word_1_68' title='bbox 628 2072 649 2118; x_wconf 84' lang='lat' dir='ltr'>a</span> <span class='ocrx_word' id='word_1_69' title='bbox 670 2045 800 2145; x_wconf 60' lang='lat' dir='ltr'>quibis</span> <span class='ocrx_word' id='word_1_70' title='bbox 820 2052 905 2121; x_wconf 80' lang='lat' dir='ltr'>Vrrae</span> <span class='ocrx_word' id='word_1_71' title='bbox 920 2046 1050 2121; x_wconf 85' lang='lat' dir='ltr'>Latine</span> <span class='ocrx_word' id='word_1_72' title='bbox 1064 2043 1225 2129; x_wconf 76' lang='lat' dir='ltr'>redditae,</span> <span class='ocrx_word' id='word_1_73' title='bbox 1250 2039 1290 2114; x_wconf 89' lang='lat' dir='ltr'>in</span> <span class='ocrx_word' id='word_1_74' title='bbox 1304 2035 1409 2112; x_wconf 84' lang='lat' dir='ltr'>Lati·</span> 
     </span>
     <span class='ocr_line' id='line_1_14' title="bbox 378 2158 1204 2237; baseline 0.001 -3"><span class='ocrx_word' id='word_1_75' title='bbox 378 2158 431 2234; x_wconf 86' lang='lat' dir='ltr'>nis</span> <span class='ocrx_word' id='word_1_76' title='bbox 448 2162 670 2236; x_wconf 75' lang='lat' dir='ltr'>versionibus</span> <span class='ocrx_word' id='word_1_77' title='bbox 689 2162 864 2237; x_wconf 80' lang='lat' dir='ltr'>Plutarchi</span> <span class='ocrx_word' id='word_1_78' title='bbox 884 2161 1058 2237; x_wconf 78' lang='lat' dir='ltr'>ferunttu.</span> <span class='ocrx_word' id='word_1_79' title='bbox 1196 2205 1204 2220; x_wconf 94' lang='lat'><strong>·</strong></span> 
     </span>
    </p>

    <p class='ocr_par' dir='ltr' id='par_1_5' title="bbox 375 2271 1415 2809">
     <span class='ocr_line' id='line_1_15' title="bbox 427 2271 1411 2365; baseline -0.003 -18"><span class='ocrx_word' id='word_1_80' title='bbox 427 2276 689 2352; x_wconf 84' lang='lat' dir='ltr'>GEMISTUS</span> <span class='ocrx_word' id='word_1_81' title='bbox 722 2279 991 2365; x_wconf 89' lang='lat' dir='ltr'>PLETHON,</span> <span class='ocrx_word' id='word_1_82' title='bbox 1020 2280 1181 2362; x_wconf 72' lang='lat' dir='ltr'>Graecus,</span> <span class='ocrx_word' id='word_1_83' title='bbox 1207 2271 1346 2346; x_wconf 87' lang='lat' dir='ltr'>ratione</span> <span class='ocrx_word' id='word_1_84' title='bbox 1373 2283 1411 2344; x_wconf 90' lang='lat' dir='ltr'>et</span> 
     </span>
     <span class='ocr_line' id='line_1_16' title="bbox 378 2385 1415 2491; baseline -0.001 -32"><span class='ocrx_word' id='word_1_85' title='bbox 378 2388 534 2462; x_wconf 90' lang='lat' dir='ltr'>oratione</span> <span class='ocrx_word' id='word_1_86' title='bbox 544 2417 627 2464; x_wconf 89' lang='lat' dir='ltr'>cum</span> <span class='ocrx_word' id='word_1_87' title='bbox 640 2392 808 2490; x_wconf 82' lang='lat' dir='ltr'>Antiquis</span> <span class='ocrx_word' id='word_1_88' title='bbox 819 2394 1087 2491; x_wconf 81' lang='lat' dir='ltr'>comparandus,</span> <span class='ocrx_word' id='word_1_89' title='bbox 1098 2386 1282 2465; x_wconf 82' lang='lat' dir='ltr'>Plutarchi</span> <span class='ocrx_word' id='word_1_90' title='bbox 1293 2385 1415 2460; x_wconf 76' lang='lat' dir='ltr'>cauffa</span> 
     </span>
     <span class='ocr_line' id='line_1_17' title="bbox 379 2501 1414 2603; baseline 0.001 -30"><span class='ocrx_word' id='word_1_91' title='bbox 379 2501 437 2574; x_wconf 90' lang='lat' dir='ltr'>hic</span> <span class='ocrx_word' id='word_1_92' title='bbox 464 2507 722 2591; x_wconf 82' lang='lat' dir='ltr'>memorandus,</span> <span class='ocrx_word' id='word_1_93' title='bbox 752 2510 852 2603; x_wconf 89' lang='lat' dir='ltr'>quod</span> <span class='ocrx_word' id='word_1_94' title='bbox 879 2508 987 2580; x_wconf 82' lang='lat' dir='ltr'>libelli</span> <span class='ocrx_word' id='word_1_95' title='bbox 1016 2508 1076 2580; x_wconf 88' lang='lat' dir='ltr'>De</span> <span class='ocrx_word' id='word_1_96' title='bbox 1103 2507 1198 2580; x_wconf 80' lang='lat' dir='ltr'>rebus</span> <span class='ocrx_word' id='word_1_97' title='bbox 1226 2504 1414 2575; x_wconf 77' lang='lat' dir='ltr'>Grecorurn</span> 
     </span>
     <span class='ocr_line' id='line_1_18' title="bbox 375 2615 1415 2718; baseline -0.007 -26"><span class='ocrx_word' id='word_1_98' title='bbox 375 2619 441 2712; x_wconf 66' lang='lat' dir='ltr'>pret</span> <span class='ocrx_word' id='word_1_99' title='bbox 469 2636 605 2715; x_wconf 73' lang='lat' dir='ltr'>pugnarn</span> <span class='ocrx_word' id='word_1_100' title='bbox 636 2621 885 2718; x_wconf 79' lang='lat' dir='ltr'>Marnineensem</span> <span class='ocrx_word' id='word_1_101' title='bbox 911 2619 1068 2716; x_wconf 88' lang='lat' dir='ltr'>primum</span> <span class='ocrx_word' id='word_1_102' title='bbox 1094 2618 1227 2694; x_wconf 91' lang='lat' dir='ltr'>librum</span> <span class='ocrx_word' id='word_1_103' title='bbox 1250 2641 1302 2690; x_wconf 86' lang='lat' dir='ltr'>ex</span> <span class='ocrx_word' id='word_1_104' title='bbox 1327 2615 1415 2686; x_wconf 73' lang='lat' dir='ltr'>Vitis</span> 
     </span>
     <span class='ocr_line' id='line_1_19' title="bbox 382 2730 913 2809; baseline 0.015 -10"><span class='ocrx_word' id='word_1_105' title='bbox 382 2730 501 2802; x_wconf 83' lang='lat' dir='ltr'>Dionis</span> <span class='ocrx_word' id='word_1_106' title='bbox 516 2756 556 2803; x_wconf 80' lang='lat' dir='ltr'>ac</span> <span class='ocrx_word' id='word_1_107' title='bbox 574 2732 768 2806; x_wconf 65' lang='lat' dir='ltr'>limoleorrtis</span> <span class='ocrx_word' id='word_1_108' title='bbox 782 2733 913 2809; x_wconf 83' lang='lat' dir='ltr'>sumsit.</span> 
     </span>
    </p>

    <p class='ocr_par' dir='ltr' id='par_1_6' title="bbox 382 2847 1419 3401">
     <span class='ocr_line' id='line_1_20' title="bbox 431 2847 1416 2949; baseline 0.002 -30"><span class='ocrx_word' id='word_1_109' title='bbox 431 2847 705 2924; x_wconf 78' lang='lat' dir='ltr'>BFssARloN</span> <span class='ocrx_word' id='word_1_110' title='bbox 724 2851 930 2939; x_wconf 82' lang='lat' dir='ltr'>Cardinalis,</span> <span class='ocrx_word' id='word_1_111' title='bbox 949 2859 1108 2939; x_wconf 76' lang='lat' dir='ltr'>Graecus,</span> <span class='ocrx_word' id='word_1_112' title='bbox 1123 2851 1319 2949; x_wconf 86' lang='lat' dir='ltr'>discipulus</span> <span class='ocrx_word' id='word_1_113' title='bbox 1333 2849 1416 2922; x_wconf 89' lang='lat' dir='ltr'>Ple·</span> 
     </span>
     <span class='ocr_line' id='line_1_21' title="bbox 382 2958 1419 3066; baseline 0.002 -30"><span class='ocrx_word' id='word_1_114' title='bbox 382 2958 511 3046; x_wconf 78' lang='lat' dir='ltr'>thonis,</span> <span class='ocrx_word' id='word_1_115' title='bbox 528 2962 695 3037; x_wconf 73' lang='lat' dir='ltr'>dottrtm</span> <span class='ocrx_word' id='word_1_116' title='bbox 712 2967 814 3038; x_wconf 87' lang='lat' dir='ltr'>laude</span> <span class='ocrx_word' id='word_1_117' title='bbox 828 2969 993 3066; x_wconf 87' lang='lat' dir='ltr'>magistro</span> <span class='ocrx_word' id='word_1_118' title='bbox 1007 2967 1138 3054; x_wconf 81' lang='lat' dir='ltr'>fimitis,</span> <span class='ocrx_word' id='word_1_119' title='bbox 1153 2969 1199 3041; x_wconf 92' lang='lat' dir='ltr'>de</span> <span class='ocrx_word' id='word_1_120' title='bbox 1217 2965 1419 3041; x_wconf 86' lang='lat' dir='ltr'>Plutarcho</span> 
     </span>
     <span class='ocr_line' id='line_1_22' title="bbox 383 3073 1417 3181; baseline 0.01 -39"><span class='ocrx_word' id='word_1_121' title='bbox 383 3073 471 3145; x_wconf 87' lang='lat' dir='ltr'>bene</span> <span class='ocrx_word' id='word_1_122' title='bbox 487 3077 614 3151; x_wconf 90' lang='lat' dir='ltr'>meruit</span> <span class='ocrx_word' id='word_1_123' title='bbox 630 3078 854 3153; x_wconf 84' lang='lat' dir='ltr'>conficiendis</span> <span class='ocrx_word' id='word_1_124' title='bbox 871 3083 971 3155; x_wconf 70' lang='lat' dir='ltr'>noris</span> <span class='ocrx_word' id='word_1_125' title='bbox 991 3080 1202 3181; x_wconf 82' lang='lat' dir='ltr'>apographis</span> <span class='ocrx_word' id='word_1_126' title='bbox 1217 3079 1261 3154; x_wconf 84' lang='lat' dir='ltr'>iis</span> <span class='ocrx_word' id='word_1_127' title='bbox 1275 3106 1361 3179; x_wconf 76' lang='lat' dir='ltr'>quae</span> <span class='ocrx_word' id='word_1_128' title='bbox 1378 3079 1417 3152; x_wconf 89' lang='lat' dir='ltr'>in</span> 
     </span>
     <span class='ocr_line' id='line_1_23' title="bbox 383 3187 1417 3295; baseline 0.009 -39"><span class='ocrx_word' id='word_1_129' title='bbox 383 3187 597 3263; x_wconf 85' lang='lat' dir='ltr'>Bibliotheca</span> <span class='ocrx_word' id='word_1_130' title='bbox 613 3193 747 3266; x_wconf 88' lang='lat' dir='ltr'>Veneta</span> <span class='ocrx_word' id='word_1_131' title='bbox 761 3194 949 3271; x_wconf 77' lang='lat' dir='ltr'>sen-antur.</span> <span class='ocrx_word' id='word_1_132' title='bbox 998 3199 1085 3295; x_wconf 79' lang='lat' dir='ltr'>Qio</span> <span class='ocrx_word' id='word_1_133' title='bbox 1109 3195 1148 3269; x_wconf 89' lang='lat' dir='ltr'>iu</span> <span class='ocrx_word' id='word_1_134' title='bbox 1166 3194 1314 3293; x_wconf 85' lang='lat' dir='ltr'>negotio</span> <span class='ocrx_word' id='word_1_135' title='bbox 1330 3194 1417 3268; x_wconf 82' lang='lat' dir='ltr'>usus</span> 
     </span>
     <span class='ocr_line' id='line_1_24' title="bbox 383 3297 1117 3401; baseline 0.018 -32"><span class='ocrx_word' id='word_1_136' title='bbox 383 3297 432 3370; x_wconf 82' lang='lat' dir='ltr'>cst</span> <span class='ocrx_word' id='word_1_137' title='bbox 449 3325 556 3372; x_wconf 87' lang='lat' dir='ltr'>manu</span> <span class='ocrx_word' id='word_1_138' title='bbox 573 3317 608 3374; x_wconf 92' lang='lat' dir='ltr'>et</span> <span class='ocrx_word' id='word_1_139' title='bbox 624 3328 729 3399; x_wconf 83' lang='lat' dir='ltr'>opera</span> <span class='ocrx_word' id='word_1_140' title='bbox 746 3309 953 3401; x_wconf 70' lang='lat' dir='ltr'>Jonaa&#39;urs</span> <span class='ocrx_word' id='word_1_141' title='bbox 972 3315 1117 3385; x_wconf 78' lang='lat' dir='ltr'>Rnosr.</span> 
     </span>
    </p>

    <p class='ocr_par' dir='ltr' id='par_1_7' title="bbox 435 3414 1417 3510">
     <span class='ocr_line' id='line_1_25' title="bbox 435 3414 1417 3510; baseline 0.015 -26"><span class='ocrx_word' id='word_1_142' title='bbox 435 3414 680 3492; x_wconf 79' lang='lat' dir='ltr'><strong>MICHAEL</strong></span> <span class='ocrx_word' id='word_1_143' title='bbox 696 3421 1029 3510; x_wconf 79' lang='lat' dir='ltr'>APOSTOLIUS‚</span> <span class='ocrx_word' id='word_1_144' title='bbox 1047 3426 1230 3500; x_wconf 79' lang='lat' dir='ltr'>Plethonis</span> <span class='ocrx_word' id='word_1_145' title='bbox 1243 3426 1332 3498; x_wconf 90' lang='lat' dir='ltr'>item</span> <span class='ocrx_word' id='word_1_146' title='bbox 1346 3421 1417 3498; x_wconf 83' lang='lat' dir='ltr'>dis·</span> 
     </span>
    </p>

    <p class='ocr_par' dir='ltr' id='par_1_8' title="bbox 384 3524 1425 4529">
     <span class='ocr_line' id='line_1_26' title="bbox 384 3524 1418 3635; baseline 0.009 -36"><span class='ocrx_word' id='word_1_147' title='bbox 384 3524 532 3621; x_wconf 87' lang='lat' dir='ltr'>cipulus,</span> <span class='ocrx_word' id='word_1_148' title='bbox 553 3555 624 3604; x_wconf 90' lang='lat' dir='ltr'>non</span> <span class='ocrx_word' id='word_1_149' title='bbox 646 3537 904 3629; x_wconf 74' lang='lat' dir='ltr'>praetereundus</span> <span class='ocrx_word' id='word_1_150' title='bbox 928 3539 997 3611; x_wconf 91' lang='lat' dir='ltr'>hoc</span> <span class='ocrx_word' id='word_1_151' title='bbox 1019 3540 1113 3624; x_wconf 87' lang='lat' dir='ltr'>loco,</span> <span class='ocrx_word' id='word_1_152' title='bbox 1137 3540 1238 3635; x_wconf 89' lang='lat' dir='ltr'>quod</span> <span class='ocrx_word' id='word_1_153' title='bbox 1254 3538 1293 3611; x_wconf 88' lang='lat' dir='ltr'>in</span> <span class='ocrx_word' id='word_1_154' title='bbox 1308 3561 1418 3632; x_wconf 87' lang='lat' dir='ltr'>opere</span> 
     </span>
     <span class='ocr_line' id='line_1_27' title="bbox 389 3642 1422 3743; baseline 0.011 -30"><span class='ocrx_word' id='word_1_155' title='bbox 389 3642 444 3713; x_wconf 78' lang='lat' dir='ltr'>De</span> <span class='ocrx_word' id='word_1_156' title='bbox 466 3646 650 3718; x_wconf 75' lang='lat' dir='ltr'>Proverbiis</span> <span class='ocrx_word' id='word_1_157' title='bbox 675 3650 871 3743; x_wconf 79' lang='lat' dir='ltr'>complures</span> <span class='ocrx_word' id='word_1_158' title='bbox 900 3651 1079 3726; x_wconf 84' lang='lat' dir='ltr'>Plutarchi</span> <span class='ocrx_word' id='word_1_159' title='bbox 1102 3654 1200 3726; x_wconf 82' lang='lat' dir='ltr'>locos</span> <span class='ocrx_word' id='word_1_160' title='bbox 1228 3649 1358 3735; x_wconf 82' lang='lat' dir='ltr'>adfert,</span> <span class='ocrx_word' id='word_1_161' title='bbox 1382 3665 1422 3724; x_wconf 87' lang='lat' dir='ltr'>et</span> 
     </span>
     <span class='ocr_line' id='line_1_28' title="bbox 386 3757 1421 3861; baseline 0.014 -37"><span class='ocrx_word' id='word_1_162' title='bbox 386 3757 508 3830; x_wconf 76' lang='lat' dir='ltr'>auctor</span> <span class='ocrx_word' id='word_1_163' title='bbox 521 3758 646 3832; x_wconf 88' lang='lat' dir='ltr'>censeri</span> <span class='ocrx_word' id='word_1_164' title='bbox 661 3762 765 3836; x_wconf 88' lang='lat' dir='ltr'>debet</span> <span class='ocrx_word' id='word_1_165' title='bbox 783 3766 898 3836; x_wconf 58' lang='lat' dir='ltr'>tiarati</span> <span class='ocrx_word' id='word_1_166' title='bbox 912 3769 958 3838; x_wconf 86' lang='lat' dir='ltr'>ab</span> <span class='ocrx_word' id='word_1_167' title='bbox 976 3765 1123 3840; x_wconf 78' lang='lat' dir='ltr'>Artenio</span> <span class='ocrx_word' id='word_1_168' title='bbox 1138 3765 1251 3840; x_wconf 85' lang='lat' dir='ltr'>editi:</span> <span class='ocrx_word' id='word_1_169' title='bbox 1277 3765 1324 3837; x_wconf 94' lang='lat' dir='ltr'>de</span> <span class='ocrx_word' id='word_1_170' title='bbox 1341 3787 1421 3861; x_wconf 89' lang='lat' dir='ltr'>quo</span> 
     </span>
     <span class='ocr_line' id='line_1_29' title="bbox 388 3869 654 3948; baseline 0.041 -10"><span class='ocrx_word' id='word_1_171' title='bbox 388 3892 472 3941; x_wconf 86' lang='lat' dir='ltr'>mox</span> <span class='ocrx_word' id='word_1_172' title='bbox 489 3869 654 3948; x_wconf 86' lang='lat' dir='ltr'>dicemus.</span> 
     </span>
     <span class='ocr_line' id='line_1_30' title="bbox 390 3982 1425 4102; baseline 0.017 -50"><span class='ocrx_word' id='word_1_173' title='bbox 390 4091 396 4102; x_wconf 30' lang='grc' dir='ltr'>ι</span> <span class='ocrx_word' id='word_1_174' title='bbox 437 3982 836 4077; x_wconf 78' lang='lat' dir='ltr'>MOSCHOPULUS,</span> <span class='ocrx_word' id='word_1_175' title='bbox 862 3995 885 4066; x_wconf 80' lang='lat' dir='ltr'>si</span> <span class='ocrx_word' id='word_1_176' title='bbox 902 3995 1048 4091; x_wconf 88' lang='lat' dir='ltr'>quidem</span> <span class='ocrx_word' id='word_1_177' title='bbox 1063 4023 1144 4072; x_wconf 83' lang='lat' dir='ltr'>rere</span> <span class='ocrx_word' id='word_1_178' title='bbox 1160 3997 1268 4092; x_wconf 86' lang='lat' dir='ltr'>hujus</span> <span class='ocrx_word' id='word_1_179' title='bbox 1285 4019 1425 4070; x_wconf 85' lang='lat' dir='ltr'>nomen</span> 
     </span>
     <span class='ocr_line' id='line_1_31' title="bbox 388 4090 1423 4216; baseline 0.022 -55"><span class='ocrx_word' id='word_1_180' title='bbox 388 4090 590 4216; x_wconf 78' lang='lat' dir='ltr'>inscriptum</span> <span class='ocrx_word' id='word_1_181' title='bbox 605 4097 654 4172; x_wconf 86' lang='lat' dir='ltr'>est</span> <span class='ocrx_word' id='word_1_182' title='bbox 670 4104 815 4178; x_wconf 83' lang='lat' dir='ltr'>Scholiis</span> <span class='ocrx_word' id='word_1_183' title='bbox 831 4105 867 4178; x_wconf 91' lang='lat' dir='ltr'>in</span> <span class='ocrx_word' id='word_1_184' title='bbox 886 4110 1100 4197; x_wconf 87' lang='lat' dir='ltr'>Hefiodum,</span> <span class='ocrx_word' id='word_1_185' title='bbox 1124 4110 1315 4211; x_wconf 77' lang='lat' dir='ltr'>aliquoties</span> <span class='ocrx_word' id='word_1_186' title='bbox 1333 4112 1423 4184; x_wconf 89' lang='lat' dir='ltr'>Plu·</span> 
     </span>
     <span class='ocr_line' id='line_1_32' title="bbox 387 4207 1424 4308; baseline 0.022 -35"><span class='ocrx_word' id='word_1_187' title='bbox 387 4207 495 4277; x_wconf 79' lang='lat' dir='ltr'>tarchi</span> <span class='ocrx_word' id='word_1_188' title='bbox 519 4213 837 4305; x_wconf 77' lang='lat' dir='ltr'>interpretationem</span> <span class='ocrx_word' id='word_1_189' title='bbox 855 4245 1042 4308; x_wconf 82' lang='lat' dir='ltr'>memorat,</span> <span class='ocrx_word' id='word_1_190' title='bbox 1058 4226 1167 4301; x_wconf 86' lang='lat' dir='ltr'>etiam</span> <span class='ocrx_word' id='word_1_191' title='bbox 1183 4225 1248 4300; x_wconf 90' lang='lat' dir='ltr'>ubi</span> <span class='ocrx_word' id='word_1_192' title='bbox 1270 4224 1311 4298; x_wconf 91' lang='lat' dir='ltr'>in</span> <span class='ocrx_word' id='word_1_193' title='bbox 1328 4225 1424 4300; x_wconf 82' lang='lat' dir='ltr'>Pro-</span> 
     </span>
     <span class='ocr_line' id='line_1_33' title="bbox 387 4317 1423 4437; baseline 0.02 -46"><span class='ocrx_word' id='word_1_194' title='bbox 387 4317 444 4386; x_wconf 71' lang='lat' dir='ltr'>do</span> <span class='ocrx_word' id='word_1_195' title='bbox 470 4323 691 4412; x_wconf 70' lang='lat' dir='ltr'>pretennitla</span> <span class='ocrx_word' id='word_1_196' title='bbox 720 4326 798 4402; x_wconf 85' lang='lat' dir='ltr'>est:</span> <span class='ocrx_word' id='word_1_197' title='bbox 839 4355 881 4405; x_wconf 86' lang='lat' dir='ltr'>ut</span> <span class='ocrx_word' id='word_1_198' title='bbox 912 4335 1028 4411; x_wconf 70' lang='lat' dir='ltr'>Procli</span> <span class='ocrx_word' id='word_1_199' title='bbox 1053 4361 1221 4437; x_wconf 81' lang='lat' dir='ltr'>excerpta</span> <span class='ocrx_word' id='word_1_200' title='bbox 1245 4336 1423 4436; x_wconf 76' lang='lat' dir='ltr'>pleniora.</span> 
     </span>
     <span class='ocr_line' id='line_1_34' title="bbox 388 4438 1075 4529; baseline 0.009 -6"><span class='ocrx_word' id='word_1_201' title='bbox 388 4453 496 4523; x_wconf 63' lang='lat' dir='ltr'>‘imm</span> <span class='ocrx_word' id='word_1_202' title='bbox 516 4459 607 4512; x_wconf 64' lang='grc' dir='ltr'>ΜΕ</span> <span class='ocrx_word' id='word_1_203' title='bbox 624 4438 718 4526; x_wconf 83' lang='lat' dir='ltr'>sunt,</span> <span class='ocrx_word' id='word_1_204' title='bbox 733 4444 887 4524; x_wconf 76' lang='lat' dir='ltr'>habufi&#39;e</span> <span class='ocrx_word' id='word_1_205' title='bbox 903 4449 1075 4529; x_wconf 76' lang='lat' dir='ltr'>rideatur.</span> 
     </span>
    </p>
   </div>
   <div class='ocr_carea' id='block_1_3' title="bbox 0 0 1843 5492">
    <p class='ocr_par' dir='ltr' id='par_1_9' title="bbox 0 0 1843 5492">
     <span class='ocr_line' id='line_1_35' title="bbox 0 0 1843 5492; baseline 0 0"><span class='ocrx_word' id='word_1_206' title='bbox 0 0 1843 5492; x_wconf 95' lang='lat' dir='ltr'> </span> 
     </span>
    </p>
   </div>
  </div>
 </body>
</html>
