3642 5492
598 669 1060 752 PRAEFATIO.
1283 671 1346 746 xxi

348 838 489 936 Pluurchi
503 857 758 934 universorum.
802 858 889 933 Deo
911 856 1010 955 spill‘a
1026 855 1207 932 volumina
1223 855 1345 930 forma·

345 974 487 1063 maxima,
511 974 721 1074 paginarum
739 974 839 1071 supra
854 972 909 1049 bis
925 972 1032 1060 mille,
1058 972 1223 1046 Auctoris
1239 972 1345 1045 unius'

341 1087 685 1175 ennumdottiffimi,
702 1087 900 1163 doctrinam
915 1087 1049 1185 ubique
1065 1086 1266 1188 spargentis,
1283 1087 1343 1160 sae-
1432 1085 1442 1107 ‘

335 1203 608 1299 peeffundentis,
637 1218 823 1302 quantam,
857 1228 967 1300 quam
996 1202 1129 1277 variam
1162 1201 1345 1300 interpreti

332 1317 451 1414 objiciat
466 1317 669 1424 materiam,
679 1316 780 1392 facile
797 1317 907 1394 estad
925 1315 1212 1392 existimandum.
1247 1317 1343 1391 Haec

330 1455 381 1532 ego
397 1433 579 1508 volumina
598 1432 721 1531 sapius
744 1457 765 1506 a
788 1432 904 1530 capite
921 1433 965 1506 ad
992 1435 1124 1507 calcem
1151 1433 1342 1530 perlegens,

328 1545 364 1620 nil
377 1548 604 1645 proficiebam
620 1550 666 1622 ed
688 1548 784 1622 illam
807 1564 987 1644 promtam
1006 1549 1166 1623 locorum
1184 1547 1342 1622 recorda-

326 1659 454 1749 tionem,
482 1687 592 1760 quam
622 1662 659 1736 in
687 1661 804 1737 libello
832 1664 872 1736 de
903 1665 982 1736 Sera
1012 1664 1163 1737 Numinis
1193 1665 1343 1737 tsindiua

323 1776 515 1851 consecutus
546 1772 666 1851 eram:
703 1776 851 1875 septima
885 1775 993 1852 etiam
1026 1775 1187 1864 lectione,
1223 1795 1341 1850 antea·

322 1917 414 1991 quam
431 1894 478 1967 od
494 1890 655 1967 medium
670 1892 910 1989 pervenissem,
936 1891 1050 1990 prima
1073 1891 1108 1965 in
1126 1889 1341 1966 oblivionem

320 2005 463 2082 abibant.
518 2005 631 2105 Igitur
647 2006 827 2080 materiam
846 2031 890 2080 ex
908 2005 1140 2081 multitudine
1157 2008 1202 2080 ad
1220 2005 1343 2103 pauci-

319 2135 416 2196 tatem
444 2121 601 2219 redigere
629 2118 760 2208 studui,
794 2118 877 2194 dedi
905 2147 963 2194 me
992 2122 1038 2192 ad
1066 2121 1341 2217 excerpendum.

319 2236 375 2310 Sed
390 2234 597 2311 omniafere
612 2236 829 2333 excerpenda
844 2252 941 2309 erant
956 2266 967 2323 ;
995 2234 1044 2308 nil
1064 2234 1159 2308 enim
1176 2260 1248 2308 non
1263 2234 1342 2334 dig·

318 2371 396 2426 num
413 2365 556 2438 notatu,
573 2349 623 2425 nil
640 2375 712 2424 non
728 2350 955 2424 memorabile
971 2349 1168 2425 videbatur.

358 2468 403 2542 Et
424 2491 510 2540 vero
533 2491 578 2540 ne
592 2469 648 2542 'fic
671 2463 816 2563 quidem
838 2458 1069 2562 proficiebam
1092 2466 1136 2540 ad
1161 2478 1341 2564 promtam

317 2579 581 2679 expeditamque
606 2582 766 2655 locorum
790 2596 1039 2679 excerptorum
1062 2580 1339 2657 recordationem
1382 2575 1387 2580 ’

316 2694 576 2771 etfacultatem.
630 2699 727 2793 Saepe
744 2696 851 2769 fiebat
866 2713 908 2769 ut
932 2695 969 2770 in
994 2696 1134 2771 alterius
1150 2696 1340 2772 inciderem
1453 2715 1480 2740 *-

316 2809 492 2910 Scriptoris
509 2813 643 2897 locum,
664 2812 708 2883 de
735 2835 809 2910 quo
828 2809 1028 2887 dubitarem
1051 2813 1178 2887 effetne
1194 2812 1239 2886 ad
1258 2815 1340 2888 Plu·

316 2927 472 2999 tarchum
498 2923 717 3000 referendus:
754 2951 837 3024 ergo
863 2928 985 3001 notavi
1014 2952 1119 3001 eum:
1158 2944 1194 3002 et
1221 2927 1341 3003 notavi

316 3035 376 3112 fere
392 3039 526 3125 omnia,
544 3066 587 3112 ne
606 3040 693 3138 quid
710 3039 820 3138 perire
838 3041 992 3115 finenem.
1018 3040 1117 3140 Saepe
1133 3042 1219 3116 item
1233 3043 1340 3117 fiebat

317 3167 441 3227 utrem
458 3152 695 3227 dictionemve
711 3154 748 3228 in
765 3173 930 3252 excerpta
946 3159 1088 3231 relatam
1114 3158 1261 3255 reperire
1279 3159 1341 3232 de·

319 3283 383 3341 auo
408 3293 483 3342 non
509 3269 641 3366 poffem
669 3269 729 3343 nifi
752 3269 981 3367 pervolutatis
1009 3271 1173 3346 omnibus
1199 3298 1340 3371 excerp·

319 3391 430 3456 torum
442 3382 588 3471 schedis,
601 3399 637 3457 et
652 3383 792 3481 integris
806 3411 1063 3482 nonnunquam
1077 3386 1184 3462 libris.
1212 3389 1341 3465 Unum

316 3493 379 3591 jun
395 3498 545 3573 restabat
563 3498 740 3576 memoriae
757 3499 962 3587 subsidium,
981 3518 1022 3574 ut
1040 3527 1185 3585 omnem
1204 3505 1341 3577 Plutar-

320 3612 431 3688 tlteam
455 3637 573 3686 rerum
590 3615 850 3712 verborumque
876 3594 1057 3690 matdriam
1084 3617 1205 3690 ordine
1229 3617 1342 3690 litera·

321 3747 389 3803 tum
406 3725 601 3827 redigerem
617 3727 653 3801 in
670 3729 818 3817 Indices,
835 3731 880 3802 ad
898 3731 1024 3829 eosque
1038 3731 1221 3805 materiam
1235 3755 1343 3828 appa·

319 3856 404 3916 ratus
428 3865 476 3915 ex
501 3841 574 3915 aliis
599 3842 833 3942 Scriptoribus
856 3847 1054 3932 collectam,
1080 3846 1142 3919 suo
1164 3870 1345 3944 quamque

321 3955 390 4031 loco
406 3969 626 4031 annotarem.
678 3960 773 4055 Ergo
789 3961 858 4033 hoc
882 3959 951 4058 egi,
976 3977 1012 4034 et
1032 3958 1167 4035 confeci
1182 3964 1344 4059 complu-

319 4092 365 4144 res
381 4070 518 4145 Indices
534 4069 661 4169 eosque
679 4075 883 4171 locupletes,
901 4075 958 4147 sed
975 4071 1167 4172 praecipuos
1179 4093 1344 4174 quatuor.

321 4185 452 4261 Primus
468 4184 520 4259 est
535 4186 723 4261 nominum
741 4190 1000 4285 verborumque
1007 4186 1217 4263 ¹Graecorum
1232 4217 1240 4262 ε
1260 4190 1347 4262 alter

319 4297 577 4395 grammaticus,
594 4300 786 4377 formarum
802 4301 1087 4378 constructionis:
1108 4303 1230 4377 tertius
1249 4309 1346 4376 Anc-

320 4428 416 4501 tores,
434 4439 631 4513 eorumque
648 4418 755 4504 locos,
773 4444 794 4490 a
812 4418 1002 4492 Plutarcho
1018 4433 1230 4493 memoratus
1247 4444 1347 4492 cnm·

320 4527 509 4651 plectitur:
546 4547 693 4628 quartus
718 4532 768 4610 est
796 4556 911 4606 rerum
938 4550 974 4608 et
1002 4532 1200 4613 hominum.
1251 4535 1350 4609 Nam

805 4647 869 4746 bs
942 4737 945 4742 ,
