3642 5492
384 633 469 710 cxlii
673 633 1137 714 PRAEFATIO.

384 823 491 895 talem
517 820 676 910 exhibet,
704 822 816 922 qualis
839 822 918 911 est3
951 827 975 898 fi
1001 821 1147 922 quidem
1173 821 1224 897 ita
1248 819 1425 898 Latinum

382 937 479 1024 facit,
497 953 539 1012 ut
555 936 671 1013 fuisset
688 944 711 1014 fi
731 939 858 1015 Latine
874 939 1073 1037 scripsisset:
1101 952 1136 1014 et
1158 937 1198 1014 iis
1213 937 1277 1039 qui
1296 941 1426 1014 Gtaeca

381 1052 544 1127 nondum
571 1052 649 1128 satis
676 1054 891 1155 intelligunt,
922 1055 1090 1131 idoneum
1117 1056 1265 1155 apponit
1292 1053 1424 1130 intelli-

379 1169 509 1269 gentiae
527 1169 815 1261 instrumentum,
841 1173 942 1270 quod
958 1172 1120 1270 perpetui
1138 1176 1179 1248 fit
1196 1171 1303 1247 instar
1318 1197 1423 1248 com·

378 1285 554 1362 mentarii.
607 1289 664 1361 Ut
683 1313 812 1363 novam
837 1285 898 1385 ipsr
921 1286 1114 1362 faceremus
1138 1289 1359 1376 Verstonem,
1385 1284 1424 1360 in

378 1414 479 1474 tanta
494 1401 636 1500 reliquae
654 1402 777 1478 nostra
794 1429 908 1500 operae
932 1402 1162 1479 multitudine
1187 1418 1224 1478 et
1247 1401 1421 1492 molestia,

379 1545 487 1592 nemo
512 1545 635 1617 aequus
658 1546 698 1594 ac
718 1522 871 1618 pmdens
896 1520 1023 1594 laboris
1049 1519 1238 1594 aestimator
1262 1518 1421 1618 postula-

378 1636 480 1710 verit.
508 1641 620 1712 Sumsr
640 1640 842 1711 Verfionem
860 1639 1101 1724 Xvanunnr,
1119 1635 1273 1712 hominis
1291 1637 1421 1712 Graece

379 1752 579 1851 Latineque
595 1753 796 1841 dottiffimi,
814 1766 848 1826 et
868 1755 985 1828 multo
1003 1753 1298 1829 Plutarcheorum
1310 1750 1422 1826 libro·

379 1894 460 1942 rum
487 1867 552 1942 usu
579 1867 773 1942 exercitati.
826 1868 935 1942 Hanc
961 1867 1117 1966 primum
1142 1893 1187 1943 ex
1212 1867 1421 1943 melioribus

377 1982 544 2057 codicum
562 1982 770 2058 lettionibus
787 1999 822 2056 et
836 1981 959 2056 nostris
976 1983 1195 2082 aliommque
1207 1982 1421 2079 conjecturis

377 2101 424 2174 ad
439 2100 636 2188 veritatem,
654 2101 691 2174 id
709 2100 770 2190 est,
789 2126 993 2200 germanam
1010 2100 1176 2175 Auctoris
1193 2099 1420 2190 sententiam,

377 2218 535 2306 correxi3
562 2217 775 2306 existimans,
793 2220 872 2316 plus
890 2217 977 2291 mihi
995 2217 1032 2289 in
1048 2241 1089 2290 ea
1105 2242 1215 2316 quam
1232 2216 1271 2291 in
1289 2217 1421 2292 Graeco

376 2348 549 2409 contextu
578 2334 711 2408 licere:
752 2360 973 2434 quamquam
1003 2332 1105 2405 initio
1138 2331 1286 2432 quidem
1317 2333 1421 2408 locos

377 2450 550 2524 versionis
567 2451 630 2548 qui
648 2449 782 2548 aliquid
797 2447 1030 2522 dubitationis
1055 2450 1236 2537 haberent,
1263 2447 1421 2524 intactos

375 2563 515 2661 reliqui,
542 2565 793 2638 corretlionem
820 2564 1192 2638 Animadversionibus
1217 2563 1419 2639 reservans:

376 2706 463 2753 mox
489 2677 669 2754 intellecto
692 2694 870 2777 quantum
894 2679 1114 2754 incommodi
1138 2683 1214 2754 haec
1237 2679 1328 2754 ratio
1354 2681 1421 2756 ha·

374 2796 472 2868 beret
497 2797 542 2869 ad
567 2797 759 2895 legentium
786 2798 902 2886 usum,
929 2796 1149 2895 corrigendos
1172 2800 1268 2871 locos
1291 2823 1422 2872 omnes

373 2913 420 2984 acl
438 2910 618 3007 judicium
636 2939 757 2988 meum
775 2912 892 2988 statim
920 2913 956 2986 in
973 2913 1046 3009 ipla
1065 2915 1227 2985 Versrone
1244 2911 1422 3012 corrigere

373 3025 522 3127 perrexi.
575 3028 727 3116 Deinde,
743 3031 788 3102 ad
812 3028 992 3103 Plutarchi
1011 3028 1160 3101 formam
1177 3027 1421 3129 habitumque

372 3171 451 3218 eam
474 3145 646 3232 revocavi,
671 3170 755 3219 cum
776 3144 814 3218 in
841 3147 1031 3219 verborum
1057 3145 1302 3218 delectatum
1328 3170 1422 3220 con·

372 3259 571 3333 structionis
596 3259 743 3332 ratione.
795 3262 904 3333 Porro
936 3258 1128 3333 maximam
1156 3259 1419 3357 perspicuitatis

369 3373 541 3448 rationem
569 3373 704 3461 habui3
744 3400 868 3446 cavens
902 3401 958 3458 ne,
993 3374 1092 3470 quod
1117 3373 1191 3446 aliis
1217 3373 1415 3462 nonnullis,

371 3490 465 3563 idem
482 3487 653 3562 accideret
668 3488 769 3576 mihi,
787 3507 828 3562 ut
844 3515 922 3561 mea
936 3492 1054 3562 Versro
1069 3489 1215 3562 subinde
1233 3489 1306 3586 ipsa
1321 3515 1420 3588 opus

369 3609 512 3680 haberet
531 3604 597 3680 alia
612 3592 786 3679 Verfidne.
840 3603 1005 3702 Denique
1024 3604 1257 3679 Latinitatem
1275 3605 1419 3703 purita-

368 3736 516 3819 temque
541 3720 672 3808 curavi,
699 3719 818 3816 quoad
843 3718 918 3814 ejus
943 3717 1114 3794 servandis
1136 3720 1268 3794 caeteris
1289 3723 1420 3798 officiis

369 3835 442 3909 lieri
461 3851 611 3932 poterat.
665 3839 756 3936 Qrae
778 3835 856 3908 sane
873 3835 993 3908 omnia
1010 3833 1137 3908 servare
1154 3854 1263 3934 atque
1282 3839 1419 3914 effectu

370 3967 406 4024 et
433 3951 571 4023 actione
598 3951 821 4049 conjungere,
845 3949 986 4024 difficile
1007 3949 1068 4024 est.
1120 3949 1203 4023 Feci
1231 3965 1417 4048 quantum

369 4065 485 4165 potui.
1373 4057 1376 4062 ⁸

420 4185 598 4256 Caeterum
631 4205 744 4275 neque
771 4182 839 4252 hoc
865 4177 1000 4251 silentio
1028 4182 1318 4274 pratereundum
1347 4183 1413 4258 est.

371 4301 413 4371 ln
438 4292 662 4394 singularium
688 4293 884 4366 libellorum
916 4293 1205 4368 Plutarcheorum
1229 4297 1417 4370 Editioni-

372 4413 437 4483 bus
455 4435 495 4482 ac
515 4407 737 4482 Versronibus
755 4407 834 4480 sunt
852 4429 939 4502 quas
957 4431 1022 4479 nec
1039 4408 1160 4496 habui,
1179 4437 1243 4483 nec
1262 4413 1419 4488 nancisci

371 4524 485 4626 potui.
539 4527 617 4599 Nec
643 4537 761 4597 tamen
794 4547 853 4594 cos
884 4522 1082 4622 quaerendo,
1101 4524 1417 4630 exspectandoque
