3642 5492
587 659 1051 745 rnmrnrro.
1274 624 1369 740 ω’

333 811 484 926 ¹tn'itimile
498 845 549 926 est
564 877 622 926 me
639 852 743 951 longe
758 850 916 951 praestare
939 849 1079 950 ingenio
1094 872 1136 926 ac
1153 849 1337 937 doctrina,

340 978 370 1037 ct
380 963 449 1039 forte
465 965 621 1041 breviore
638 982 797 1064 tempore
814 965 996 1040 meliorem
1015 966 1080 1039 hac
1101 985 1182 1038 mea
1199 962 1338 1039 Editio·

338 1100 399 1152 uem
410 1078 713 1155 effecturosfuiffe.
748 1080 818 1156 Sed
833 1079 869 1154 hi
887 1081 956 1154 hoc
973 1104 1045 1154 non
1058 1093 1217 1180 egerunt.
1244 1081 1338 1178 Ego,

334 1206 366 1266 ut
377 1194 481 1290 potui,
497 1194 579 1293 egi:
606 1215 672 1270 nec
690 1196 847 1271 multum
870 1193 1030 1293 quidem,
1057 1210 1094 1269 at
1119 1210 1262 1270 tantum
1284 1209 1338 1268 ta·

331 1331 395 1380 men
407 1307 547 1382 effeciffe
563 1307 655 1383 visus
677 1308 767 1394 sum,
792 1306 891 1409 quod
915 1326 952 1383 et
974 1307 1126 1384 indodtis
1147 1308 1248 1397 utile,
1273 1331 1340 1385 nec

328 1420 419 1496 dotiis
442 1421 565 1497 inutile
589 1425 683 1500 effer.
736 1426 822 1498 Hoc
839 1424 976 1499 secutus
993 1424 1082 1512 sum,
1105 1422 1173 1497 hoc
1192 1448 1263 1521 prae
1280 1445 1339 1500 me

325 1531 404 1609 fero:
429 1538 504 1611 hac
521 1558 579 1611 me
596 1536 671 1635 spes
685 1538 907 1613 confirmavit
925 1564 965 1612 ac
978 1536 1194 1625 sustentavit,
1211 1537 1337 1613 nesus·

324 1664 444 1745 ceptam
458 1650 655 1726 editionem
671 1653 896 1749 deponerem.

359 1768 446 1868 Qrae
470 1764 522 1840 est
546 1765 654 1866 igitur
674 1767 739 1853 vis,
761 1792 842 1866 quae
865 1767 954 1842 ratio
974 1767 1077 1855 illius,
1103 1765 1147 1843 de
1167 1791 1241 1869 quo
1263 1772 1337 1870 agi

320 1902 398 1968 mira,
422 1882 619 1981 colligendi.
634 1897 820 1980 apparatus
842 1883 1037 1958 dottnnae?
1065 1883 1241 1981 Principio
1258 1885 1338 1983 qui-

317 1994 399 2082 dem,
421 1994 566 2070 futurus
593 1996 759 2095 interpres
781 1995 914 2071 adferat
937 2013 1138 2074 accuratam
1160 1998 1340 2074 scientiam

317 2105 455 2207 lingue
475 2113 608 2194 Graecae
625 2126 661 2183 et
678 2108 926 2209 Antiquitatis,
948 2111 1014 2185 usu
1031 2113 1208 2186 bonorum
1225 2112 1340 2211 Scrip-

317 2236 427 2297 torum
451 2242 705 2321 comparatam.
756 2226 858 2304 Tum
883 2226 1080 2300 Auitorem
1105 2224 1209 2299 lirum
1231 2227 1339 2326 legat,

315 2338 457 2437 relegat3
492 2355 536 2412 ut
562 2338 635 2435 ejus
663 2339 870 2427 orationem,
901 2339 1086 2428 rationem,
1113 2339 1339 2417 consuetudi·

315 2470 400 2540 nem,
414 2452 629 2540 doemon,
646 2454 838 2554 ingenium,
856 2471 975 2530 mente
991 2479 1032 2527 ac
1050 2456 1220 2531 memoria
1235 2481 1336 2531 com·

309 2565 477 2662 ptunur
490 2583 527 2641 et
542 2568 580 2643 in
596 2584 741 2665 promtu
758 2571 897 2643 habeat.
942 2569 1122 2668 Denique,
1140 2574 1240 2668 quod
1256 2597 1338 2670 pro·

313 2679 421 2778 prium
446 2707 489 2756 ac
512 2683 733 2781 praecipuum
757 2680 809 2757 est
833 2683 938 2779 hujus
961 2684 1079 2772 officii,
1104 2686 1241 2783 legendi
1258 2687 1339 2762 sunt

314 2796 499 2894 Scriptores
515 2796 652 2896 antiqui
669 2797 825 2896 plerique
847 2822 981 2886 omnes,
1007 2797 1213 2873 recentiores
1230 2799 1340 2875 uiam

314 2911 456 3008 optimi.
486 2937 533 2986 ex
555 2912 596 2986 iis
615 2911 800 3012 colligendi
826 2912 894 2987 loci
920 2910 1091 3007 ejusmodi
1116 2912 1180 3010 qui
1201 2916 1341 2987 valeant

314 3026 353 3099 ad
368 3026 534 3102 Auctoris
550 3028 645 3102 locos
670 3053 754 3101 cum
777 3040 961 3125 corruptos
983 3025 1234 3112 emendandos,
1257 3045 1341 3102 tum

314 3140 470 3216 obscuros
495 3140 735 3216 illustrandos:
764 3165 878 3239 neque
900 3142 970 3213 hoc
992 3140 1170 3239 agendum
1196 3166 1338 3239 percur-

316 3255 417 3330 rendis
438 3254 504 3330 illis
526 3254 774 3354 Suiptoribus,
800 3271 876 3342 aut,
902 3254 1003 3353 quod
1022 3256 1122 3352 pejus
1143 3254 1251 3332 etiam
1274 3257 1337 3345 est,

317 3367 389 3444 locis
411 3393 473 3469 per
502 3369 641 3445 Indices
663 3372 824 3469 vulgatos
849 3369 1067 3467 indagandis,
1090 3369 1148 3443 sed
1166 3371 1339 3446 meditata

317 3506 352 3557 ac
376 3483 541 3585 diligente
573 3481 727 3583 ipsorum
754 3484 904 3558 lectione
936 3482 1183 3580 Scriptorum:
1222 3512 1340 3584 neque
1395 3470 1399 3477 ¹

316 3593 385 3671 uris
400 3598 450 3673 est
465 3600 561 3673 locos
575 3599 652 3673 illos
669 3599 922 3673 tantummodo
934 3599 1157 3698 collegille'et
1173 3601 1340 3685 attuliffe,

318 3709 366 3786 sod
384 3713 488 3812 iptius
512 3712 629 3788 etiam·
645 3712 814 3788 dottmae
835 3701 871 3786 et
892 3712 1096 3816 artisqcujus
1118 3713 1265 3810 quisque
1289 3713 1340 3788 est

316 3824 415 3916 brus,
432 3828 558 3916 totius,
573 3831 668 3927 quafi
684 3828 850 3925 corporis,
867 3825 981 3902 forma
995 3842 1030 3901 et
1047 3843 1161 3925 partes
1179 3830 1340 3903 tenende

316 3937 401 4018 tunt.

353 4057 435 4153 Jam
463 4059 533 4132 hoc
561 4058 748 4157 negotium
777 4070 955 4155 quantum
985 4051 1121 4140 differat
1151 4070 1274 4131 utrum
1300 4058 1361 4162 in

316 4193 475 4267 parroan
490 4197 621 4272 magno
637 4172 741 4260 libro,
765 4186 892 4245 utrum
916 4170 953 4243 in
974 4167 1079 4243 unius
1100 4195 1146 4242 an
1162 4170 1337 4245 universo·

315 4309 385 4374 rum
406 4287 698 4363 Plutarcheorum
718 4284 874 4359 editione
896 4282 1067 4357 librorum
1090 4300 1228 4381 agatur,
1253 4307 1337 4357 cum

316 4423 410 4480 nemo
426 4429 503 4479 non
519 4400 697 4502 intelligit,
714 4416 794 4475 tum
810 4397 922 4497 magis
934 4396 1040 4473 etiam
1056 4395 1280 4496 intelligetur,
1299 4396 1337 4483 fi,

315 4515 392 4614 quid
407 4517 496 4596 mihi
514 4514 691 4605 acciderit,
709 4538 903 4592 narravero.

789 4630 857 4704 ba
