3642 5492
374 626 462 704 lxxii
651 631 1116 710 PRAEFATIO.

423 790 638 892 CODICES
663 792 861 893 Plutarchei
879 820 948 893 hoc
965 818 1089 892 saeculo
1104 814 1221 913 scripti
1237 814 1407 889 videntur

376 930 582 1026 complures.
633 933 758 1007 Codex
783 936 1068 1008 membranaceus
1093 932 1284 1008 Parisrensrs
1301 957 1403 1004 num.

379 1046 485 1142 1672,
514 1072 622 1144 quem
647 1045 746 1122 litera
773 1051 805 1123 E
828 1049 1081 1149 fignificamus:
1107 1046 1406 1145 prastantiffimus

375 1154 444 1243 ille,
463 1186 506 1233 ex
524 1160 644 1236 codice
661 1162 807 1260 quidem
824 1168 859 1237 A
876 1163 1080 1262 exscriptus,
1103 1166 1236 1260 quippe
1257 1166 1351 1236 Vmor
1368 1175 1406 1236 et

375 1273 526 1349 Mor-alia
542 1279 667 1352 eodem
680 1279 812 1366 ordine,
828 1305 989 1368 numero,
1006 1279 1093 1352 item
1104 1278 1218 1352 forma
1233 1278 1404 1363 maxima,

374 1390 578 1466 continens:
606 1392 664 1467 sed
687 1394 737 1469 ita
759 1394 962 1493 exscriptus,
987 1409 1028 1467 ut
1047 1393 1236 1468 vetustiora
1255 1389 1405 1466 adhibe·

374 1522 495 1579 rentur
509 1512 669 1607 exempla
683 1544 695 1600 ;
721 1512 815 1584 unde
831 1527 867 1584 et
884 1512 1017 1584 lacunae
1034 1511 1233 1606 complures
1250 1508 1405 1603 expletae

374 1637 410 1695 ct
427 1626 590 1700 lectiones
614 1643 760 1723 receptae
778 1625 935 1699 meliores
952 1627 1086 1699 inultae.
1137 1623 1264 1698 Codex
1281 1623 1405 1696 Mora·

373 1744 447 1812 lium
463 1741 616 1837 ejusdem
634 1741 872 1828 Bibliothecae,
898 1739 929 1815 C
951 1767 972 1812 a
995 1739 1107 1813 nobis·
1118 1755 1274 1823 notatus,
1301 1761 1403 1811 num.

379 1882 420 1951 19
426 1882 445 1955 5
451 1882 495 1955 5:
523 1873 557 1931 et
576 1861 633 1945 H,
659 1884 758 1932 num.
780 1861 885 1932 1680.
936 1856 1083 1929 Codices
1109 1851 1264 1927 Romani
1286 1854 1405 1928 Mora·

373 1976 447 2043 lium
481 1987 515 2045 et
552 1977 716 2059 Virorum,
750 1971 941 2046 Vaticanus
971 1997 1070 2045 num.
1106 1997 1186 2067 139,
1223 1967 1404 2043 Palatinus

374 2114 473 2162 num.
499 2093 597 2183 2483
623 2115 667 2162 ex
697 2087 826 2187 quibus
851 2085 960 2161 varias
985 2085 1149 2159 lectiones
1179 2085 1404 2178 eraestiorribus

374 2206 573 2301 ‹lvmpofiacis
589 2202 826 2278 adhibuimus.
855 2207 946 2277 Item
960 2200 1108 2274 Codices
1125 2203 1284 2287 Virorum,
1303 2225 1403 2274 num.

378 2322 469 2418 1673
489 2334 524 2391 et
548 2323 652 2418 1674.
705 2321 814 2393 Porro
842 2316 1034 2391 Florentini
1055 2321 1200 2389 Vitarum
1221 2329 1259 2389 et
1281 2317 1405 2390 tora-

373 2436 462 2517 lium,
480 2431 634 2505 Medicei
652 2447 686 2505 et
705 2432 908 2506 Monasterii
926 2436 960 2505 S.
983 2432 1119 2518 Maria,
1140 2432 1236 2528 apud
1253 2433 1406 2506 Mom-

375 2570 612 2646 rnucouunr¹
631 2546 846 2621 Bibliotheca
874 2545 1170 2621 Bibliothecarum
1198 2571 1235 2643 p.
1255 2569 1344 2647 375,
1369 2561 1406 2623 et

373 2661 494 2734 Diario
512 2661 634 2736 Italico
651 2686 687 2758 p.
704 2666 785 2762 367.
1269 2747 1273 2756 Ι

422 2776 739 2852 FRANCISCUS
765 2777 1088 2852 PETRARCHA
1110 2779 1285 2851 bonarum
1304 2775 1407 2850 Lite-

372 2919 487 2966 rarum
515 2891 551 2965 in
577 2890 679 2966 Italia
703 2889 923 2981 instaurator,
949 2917 994 2966 ex
1021 2894 1212 2966 Plutarcho
1236 2895 1408 2992 quedam

371 3008 502 3106 prodit,
529 3034 608 3106 quae
627 3006 663 3079 in
682 3005 789 3093 libris,
815 3033 905 3105 quos
926 3032 1020 3079 nunc
1038 3009 1223 3093 habemus,
1249 3033 1325 3082 non
1341 3015 1409 3082 ex?

372 3125 474 3199 stant.
504 3121 636 3209 Veluti,
654 3120 690 3194 in
708 3121 882 3219 Apologia
893 3121 1053 3196 adversus
1067 3123 1215 3195 Gallum
1231 3146 1268 3219 p.
1285 3125 1403 3196 1082:

374 3239 452 3310 Cum
470 3237 572 3311 Tullio
595 3242 740 3309 Senecam
768 3256 856 3333 pono,
884 3238 925 3310 de
954 3263 1009 3336 qao
1037 3238 1244 3321 Plutarchus,
1272 3263 1409 3336 magnus

370 3355 426 3423 vir
442 3369 472 3423 et
490 3353 619 3423 Graecus
637 3357 717 3422 ultro
731 3353 873 3446 fatetur,
893 3356 1009 3423 nullum
1023 3355 1055 3423 in
1071 3353 1201 3424 Graecia
1215 3353 1328 3448 ῥιψὶ,
1355 3355 1425 3451 qui-

360 3466 427 3559 fibi
453 3469 486 3536 irr
508 3465 693 3537 Moralr'bus
718 3463 806 3559 poffit
833 3469 1018 3560 comparari.
1071 3467 1181 3538 Porro
1207 3465 1251 3537 de
1274 3467 1408 3540 eodem

370 3594 591 3678 argument0‚
607 3576 644 3649 in
662 3576 770 3673 Epist.
786 3575 835 3664 iii,
852 3579 897 3649 ad
914 3577 1063 3652 Illustres
1080 3581 1237 3666 Veteres,
1253 3604 1340 3677 qure
1356 3577 1410 3654 est

370 3698 415 3768 ad
432 3698 611 3778 Senecam,
630 3717 665 3788 p.
682 3695 773 3791 706:
794 3694 985 3765 Plutarchus
990 3695 1147 3791 stquidem
1166 3695 1301 3766 Graems
1317 3697 1411 3768 homo

371 3830 400 3883 et
429 3812 563 3908 Trajani
585 3811 746 3905 Principis
773 3811 927 3905 magister,
948 3811 1024 3907 suos
1052 3815 1151 3881 claros
1179 3812 1270 3881 viros
1295 3813 1412 3903 niptris

369 3929 539 4021 conferens,
557 3950 624 3996 cum
643 3924 774 3994 Platoni
790 3939 820 3993 et
838 3924 1007 4015 Arrstoteli,
1026 3949 1153 4021 quorum
1174 3927 1315 4018 primum
1334 3927 1410 3998 Di-

369 4044 491 4122 vinum,
515 4039 686 4136 secundum
719 4037 920 4108 Daemonr'um
953 4037 1060 4107 Graeci
1084 4057 1214 4124 vocant,
1243 4039 1412 4114 Marcum

373 4157 555 4236 Varronem,
580 4151 714 4222 Homero
736 4167 839 4221 artem
865 4153 1044 4249 Virgilium,
1070 4153 1276 4245 Demostheni
1295 4155 1411 4229 Mar·

369 4295 437 4339 cum
461 4264 596 4338 Tullium
620 4265 779 4364 objecrffet,
806 4267 952 4364 aususml
973 4267 1020 4337 ad
1037 4271 1221 4363 postremum
1237 4287 1271 4340 et
1289 4271 1412 4346 ducum

370 4382 606 4472 controverstam
622 4405 759 4465 movere,
776 4405 831 4450 nec
845 4405 911 4450 eum
924 4386 1007 4451 tanti
1011 4383 1126 4480 saltem
1143 4384 1291 4480 drscr'pulr'
1304 4412 1412 4461 vene-

368 4498 450 4566 ratio
477 4495 730 4567 continuit-nou
752 4492 874 4563 erubuit
897 4493 1034 4585 corrftteri
1058 4497 1142 4594 quod
1165 4522 1254 4596 quem
1281 4501 1352 4572 ribi
1369 4530 1415 4575 ea·
