3642 5492
387 610 476 685 xxvi
669 611 1131 692 PRAEFATIO.

385 794 648 871 Moscuensrum
666 795 832 873 codicum
855 797 965 874 varias
990 797 1152 874 lectiones
1171 800 1265 878 ultro
1288 802 1334 876 ad
1355 827 1418 880 me

386 910 491 997 misit,
517 935 603 985 mox
629 908 736 988 etiam
755 914 960 1010 exemplum
983 914 1300 991 Graeco-Latinum
1318 919 1417 990 Vita·

384 1054 466 1112 nrm,
486 1027 693 1128 adscriptam
718 1031 847 1104 habens
872 1030 910 1104 in
934 1029 1089 1130 margine
1105 1030 1309 1107 varietatem
1326 1035 1416 1108 alte-

384 1139 453 1214 rius
471 1140 586 1238 l'cripti
604 1142 683 1219 libri
700 1143 916 1221 Moscuensrs
932 1174 940 1218 :
967 1147 1043 1220 haec
1059 1144 1167 1245 igitur
1181 1148 1276 1221 ultro
1292 1141 1339 1221 ad
1354 1171 1416 1221 me

383 1254 473 1329 mifit
492 1259 527 1352 J.
546 1258 588 1331 F.
608 1259 839 1347 Murrum,
858 1262 903 1334 V.
920 1260 975 1334 cl.
994 1285 1091 1336 nunc
1110 1260 1415 1361 Wittebergensrs,

381 1387 469 1446 tunc
500 1375 714 1450 Moscuenfis
743 1374 922 1464 Professor,
949 1374 1001 1449 vir
1030 1378 1153 1452 multae
1182 1393 1218 1452 et
1246 1377 1416 1477 elegantis

382 1490 565 1578 doctrine,
591 1491 653 1589 qui
674 1490 807 1590 primus
829 1490 1002 1570 literatum
1025 1493 1207 1570 civitatem
1227 1492 1357 1570 notitia
1376 1509 1414 1570 et

383 1605 446 1680 usu
476 1607 680 1683 divitiarum
711 1608 801 1681 illius
833 1607 1056 1696 bibliotheca
1080 1624 1183 1684 antea
1209 1606 1414 1707 ignotarum

382 1725 625 1821 locupletavit.
678 1727 833 1798 Venetos
859 1740 1014 1824 quatuor
1041 1723 1161 1811 libros,
1189 1721 1414 1798 conciliatore

381 1838 584 1914 amiciffimo
614 1841 886 1926 Vmaorsouo,
919 1838 1077 1934 adjutore
1108 1852 1144 1912 et
1172 1834 1309 1912 fautore
1337 1837 1411 1933 Ju-

382 1979 485 2028 coao
519 1956 760 2038 Monuaaro,
789 1954 865 2028 viro
892 1969 928 2028 et
958 1951 1219 2039 humaniffimo,
1247 1950 1348 2026 etin
1375 1977 1412 2027 re

380 2072 478 2148 omui
501 2072 650 2148 literaria
672 2070 908 2159 versatiffimo,
934 2069 1089 2146 Custode
1113 2068 1336 2144 bibliothecae
1358 2069 1409 2143 D.

380 2187 509 2276 Marci,
540 2188 575 2264 in
601 2214 698 2264 meos
724 2186 804 2262 usus
832 2189 1001 2285 excerpit
1029 2183 1244 2261 douiffimus
1267 2183 1410 2280 juvenis

379 2307 544 2380 Pnuaus
562 2307 742 2392 Banssro,
768 2304 827 2379 illo
851 2317 1008 2402 tempore
1027 2301 1209 2378 domestici
1225 2304 1411 2404 paedagogi

378 2444 523 2494 munere
542 2418 709 2505 Venetiis,
732 2421 799 2492 hoc
816 2432 975 2514 tempore
991 2418 1085 2515 apud
1102 2418 1408 2520 Wurtenbcrgen-

377 2531 426 2604 ses
447 2531 637 2607 sacerdotio
657 2529 818 2630 fungens.
870 2531 1036 2628 Ejusdem
1062 2534 1279 2608 Monesen
1307 2533 1408 2609 beni·

377 2648 540 2723 volentiae
567 2650 680 2723 debeo
705 2649 908 2747 exemplum
938 2646 1099 2748 Catalogi
1124 2647 1295 2724 librorum
1322 2650 1409 2725 Plu·

375 2768 612 2854 tarcheorum,
640 2792 661 2840 a
687 2765 865 2864 lempna,
891 2773 934 2841 ut
960 2767 1067 2864 vulgo
1093 2765 1215 2854 fertur,
1242 2767 1410 2858 confecti,

375 2877 471 2953 edito
494 2881 657 2976 exemplo
681 2877 816 2976 plenius
841 2894 877 2952 et
902 2877 1125 2976 locupletius.
1178 2880 1305 2956 Libros
1321 2879 1404 2955 bib·

374 2992 535 3070 liothecae
570 2993 908 3094 Lugduno·Batavae
938 2992 1007 3091 ipl'e
1039 2993 1198 3082 tractavi,
1233 2996 1408 3072 beneficio
1458 3049 1462 3056 -

375 3109 625 3183 Rurruveurr
645 3105 751 3182 nostri
765 3133 907 3183 mecum
923 3106 1215 3184 communicatos.
1241 3106 1297 3184 Hi
1315 3134 1406 3184 con·

375 3220 544 3308 tinentur,
586 3220 706 3297 codice
743 3224 945 3299 Vossruuo
985 3220 1142 3319 scripto:
1185 3223 1406 3298 Colleclione

374 3338 558 3410 Auununs
576 3335 776 3409 Scuorrrz
804 3336 966 3432 exemplo
982 3334 1115 3410 Aldino
1137 3333 1196 3410 cui
1218 3334 1404 3433 adscriptae

374 3450 452 3527 sunt
470 3451 571 3528 variae
589 3450 752 3527 lectiones
768 3455 945 3526 Lsosucr
964 3469 1000 3525 et
1019 3454 1223 3547 Jauuorrr
1242 3481 1251 3523 ι
1278 3478 1400 3527 exem·

373 3569 432 3664 plo
450 3570 624 3642 Bufileenti
641 3592 726 3641 cum
742 3565 1045 3641 emendationibus
1062 3564 1197 3653 incerti,
1216 3565 1273 3638 sed
1288 3566 1401 3654 docti,

370 3683 450 3773 viri,
469 3711 577 3783 quern
602 3682 781 3779 Anonymi
800 3680 942 3754 nomine
962 3677 1252 3779 fignificavimus:
1278 3705 1401 3755 exem·

370 3801 432 3897 plo
462 3804 772 3885 Srrevunursuo,
801 3795 838 3871 in
865 3795 965 3891 cujus
995 3795 1152 3895 margine
1182 3797 1400 3870 Bncuurus

372 3916 644 3992 Mszrnrncvs
688 3913 891 3988 varietatem
940 3912 1179 4009 quorumdam
1228 3908 1401 3990 librorum

369 4029 592 4128 scriptorum,
620 4044 655 4102 et
682 4055 764 4103 vero
789 4028 1005 4125 conjecturas
1033 4028 1162 4100 multas
1187 4024 1312 4123 easque
1332 4027 1399 4101 bo-

369 4172 444 4233 nas,
471 4143 676 4220 annotavit:
707 4143 888 4219 codicibus
913 4161 1076 4241 praeterea
1101 4143 1242 4217 duobus
1266 4140 1401 4241 scriptis

367 4264 523 4336 duorum
548 4259 760 4345 libellorum,
785 4260 895 4332 altero
922 4261 1154 4333 Platonicorum
1181 4260 1396 4350 Quaestrirrum‚

369 4378 478 4450 altero
513 4378 819 4460 Psnrzournuo,
859 4376 1077 4471 Lbnsolationis
1109 4378 1157 4447 ad
1188 4377 1396 4472 Apollonium.

370 4489 656 4569 Florentinorum
681 4486 847 4565 codicum
873 4488 1073 4566 collationes
1100 4493 1221 4566 nactus
1248 4488 1323 4565 sum
1350 4515 1398 4569 ex
