3642 5492
372 638 505 718 cxxxiv
653 631 1124 712 PRAEFATIO.

372 821 514 899 ademi:
542 819 696 916 ejusdem
722 817 934 894 inventionis
955 821 1030 894 laus
1053 821 1076 893 si
1096 819 1172 915 jam
1195 843 1218 890 a
1239 815 1409 916 prioribus

372 958 547 1035 occupata
574 937 671 1021 esset,
699 959 778 1008 eam
807 959 892 1010 curn
919 931 993 1031 ipso
1022 930 1108 1008 item
1137 929 1409 1006 communicavi.

373 1054 473 1128 Hinc
502 1054 557 1140 fit,
586 1065 629 1124 ut
655 1051 828 1124 Rntsxrt
861 1043 992 1124 nomen
1019 1061 1093 1124 tam
1122 1049 1163 1122 sit
1189 1045 1355 1145 frequens
1376 1043 1412 1120 iu

373 1169 493 1244 nostris
512 1167 828 1255 morationibus,
854 1185 890 1241 et
917 1167 1034 1272 multo
1059 1163 1279 1263 frequentius
1302 1187 1412 1264 quam

371 1311 436 1387 pro
453 1311 496 1358 eo
514 1299 691 1383 quantum
707 1282 738 1356 ei
753 1285 915 1360 debetur.

421 1406 514 1477 Haec
544 1417 586 1476 ut
615 1401 781 1488 dicerem,
810 1399 962 1476 instituti
990 1399 1060 1478 mei
1088 1400 1178 1474 ratio
1204 1399 1409 1500 postulauit.

371 1523 420 1594 Et
438 1522 505 1593 sme
523 1520 781 1594 obtrectatione
799 1546 856 1596 me
872 1517 1008 1603 dixisse,
1026 1515 1131 1616 periti
1149 1517 1273 1615 sponte
1288 1515 1412 1616 agnos·

368 1649 461 1708 cent.
515 1634 607 1708 lllud
624 1633 730 1709 etiam
753 1637 859 1724 addo,
885 1661 965 1708 eam
990 1633 1027 1707 in
1053 1636 1232 1738 Rursxro
1252 1631 1355 1710 fuisse
1370 1651 1407 1710 et

371 1750 541 1826 dostrinae
567 1752 773 1830 varietatem
804 1769 839 1828 et
870 1752 998 1852 ingenii
1027 1751 1264 1839 velocitatem,
1292 1777 1315 1824 a
1341 1777 1415 1850 qua

372 1899 430 1950 tne
445 1874 569 1970 procul
587 1874 698 1946 abesse
716 1871 835 1946 fatear.
889 1875 947 1946 Ex
970 1869 1299 1958 innumerabilibus,
1325 1895 1414 1969 quas

371 1988 417 2060 ad
444 1989 683 2064 emendandos
713 1991 857 2063 Graecos
892 1989 1065 2062 Austores
1098 1987 1239 2073 effudit,
1273 1987 1416 2084 conjec-

372 2104 473 2191 turis,
501 2107 524 2177 si
542 2106 721 2184 deleslum
737 2104 866 2180 fecisset
881 2105 1098 2204 optimarum
1115 2105 1239 2204 easque
1256 2131 1344 2180 cum
1361 2131 1416 2180 ra-

372 2219 470 2292 tione
489 2235 524 2294 et
540 2218 713 2320 elegantia
730 2221 963 2319 explicuisset,
989 2221 1170 2320 egregium
1192 2235 1336 2330 poterat
1352 2245 1416 2296 ex·

372 2338 466 2433 plere
481 2338 662 2424 volumen,
689 2362 778 2435 opus
801 2337 871 2412 sere
888 2337 1113 2438 palmarium,
1138 2339 1239 2436 quod
1263 2339 1346 2436 plus
1370 2339 1416 2412 ad

372 2449 475 2525 samae
490 2450 747 2549 perennitatem
765 2453 924 2528 valuisset
948 2479 1057 2550 quam
1082 2453 1150 2527 illae
1174 2454 1416 2552 deproperatae

373 2566 545 2641 editiones
575 2583 610 2642 et
644 2580 778 2642 caeterae
813 2567 1027 2666 scriptiones.
1081 2572 1296 2669 Numquam
1331 2595 1417 2644 eum

372 2682 458 2757 vidi.
508 2685 576 2759 Sed
594 2683 793 2757 conciliavit
813 2710 1003 2759 commune
1024 2685 1226 2764 Literarum
1239 2685 1415 2772 studium,

371 2799 555 2896 postremis
570 2799 643 2897 ejus
659 2799 769 2889 annis,
787 2802 982 2899 quamdam
996 2800 1087 2874 inter
1102 2828 1165 2874 nos
1179 2827 1241 2900 per
1254 2799 1418 2900 epistolas

373 2915 539 2991 notitiam
557 2932 593 2991 et
610 2916 913 2991 consuetudinem.
967 2919 1123 2992 Favebat
1148 2917 1303 2992 nascenti
1329 2943 1418 2992 meae

351 3032 482 3124 laudi.
534 3033 764 3108 Accedebant
789 3031 897 3107 animi
921 3031 1081 3121 virtutes,
1107 3061 1188 3132 quae
1214 3059 1299 3108 eum
1316 3059 1417 3108 com·

277 3183 280 3192 ·
373 3150 604 3223 mendarent:
633 3148 670 3222 in
688 3148 819 3247 quibus
836 3150 1030 3223 excellebat
1056 3151 1188 3223 candor
1206 3164 1242 3223 et
1259 3149 1419 3224 veritatis

372 3289 484 3336 amor.
537 3267 633 3362 Ergo
651 3280 687 3338 et
705 3264 829 3338 vivum
850 3263 972 3352 dilexi,
998 3283 1034 3344 et
1054 3265 1188 3341 mortui
1206 3265 1419 3344 memoriam

374 3404 459 3460 cum
477 3378 716 3460 benivolentia
734 3380 840 3455 colui.
893 3384 942 3455 Et
960 3385 1105 3479 quando
1124 3409 1220 3458 nunc
1237 3384 1281 3459 de
1300 3409 1345 3457 eo
1362 3383 1418 3458 di·

374 3496 531 3570 cendum
547 3493 629 3582 suit,
657 3493 706 3568 ita
723 3521 780 3568 me
805 3495 878 3595 ejus
896 3497 1075 3575 memoriae
1092 3495 1340 3572 consulturum
1356 3524 1419 3572 ex-

376 3611 540 3697 istimavi,
567 3614 590 3684 fi
615 3636 678 3684 nec
700 3609 854 3685 dicerem
871 3637 935 3685 nec
953 3626 1104 3687 tacerem
1118 3612 1319 3711 quidquam
1336 3639 1419 3688 con·

375 3743 429 3802 tra
447 3726 555 3802 animi
573 3726 643 3824 ipse
667 3727 736 3800 mei
760 3726 982 3815 sententiam,
1009 3755 1072 3802 nec
1094 3732 1149 3804 vel
1166 3755 1284 3804 veram
1302 3731 1419 3808 detra-

376 3845 497 3924 herem
514 3842 589 3916 viro
608 3843 750 3926 laudem
766 3844 821 3918 vel
840 3841 960 3916 salsam
976 3843 1178 3922 tribuerem.

863 4102 870 4117 .
904 4071 959 4118 12·

579 4173 630 4236 De
644 4173 788 4262 noviffima
804 4051 862 4238 Vei
872 4198 931 4238 rone
947 4174 1064 4240 Gallica
1080 4175 1218 4244 Ricardi.

428 4311 579 4384 Manlia
608 4309 742 4383 Gallice
764 4312 883 4390 denuo
912 4312 1018 4386 vertit
1049 4317 1279 4399 chnnnus,
1307 4339 1419 4414 eaque

379 4424 460 4506 inde
486 4427 530 4498 ab
556 4429 761 4524 anno1783
791 4426 923 4499 Parifiis
949 4427 1059 4503 edidit
1082 4430 1195 4503 forma
1218 4433 1358 4516 octava,
1386 4447 1419 4506 et

380 4540 584 4649 quindecim
613 4541 760 4616 absolvit
786 4542 1028 4618 voluminibus
1057 4572 1150 4622 anno
1175 4574 1280 4654 1792.
1334 4545 1419 4643 Ejus
