3642 5492
383 650 459 706 xxx
666 627 1128 730 PKAEFATl-O.

382 838 474 901 cam,
492 816 798 917 adgenealogiam,
814 821 966 919 vulgatae
977 819 1146 909 lettionis,
1164 834 1207 896 ut
1221 833 1417 920 appareret,

381 932 566 1027 quomodo
591 934 637 1008 ab
664 932 798 1008 Aldino
823 934 922 1009 fonte
944 936 1055 1011 dutta
1079 936 1248 1033 scriptura
1273 962 1336 1035 per
1363 938 1416 1011 se·

381 1059 530 1142 quentes
546 1046 742 1135 Editiones,
759 1049 815 1122 vel
831 1048 1022 1124 immutata
1037 1053 1094 1125 vel
1110 1052 1254 1139 sertata,
1273 1053 1319 1127 ad
1334 1051 1415 1126 nos·

380 1176 473 1233 tram
490 1176 631 1238 aetatem
646 1178 840 1263 propagata
863 1164 991 1239 firiffet.
1043 1167 1172 1263 Neque
1190 1191 1274 1240 vero
1288 1165 1414 1265 acqui·

378 1276 489 1351 escere
514 1294 674 1375 poteram
699 1278 737 1354 in
762 1305 807 1353 eo
833 1280 1019 1355 variarum
1048 1280 1263 1356 Lectionum
1289 1281 1414 1358 Indice

378 1393 442 1490 qui
459 1394 504 1467 ad
517 1396 649 1468 calcem
663 1394 1016 1472 Graeco-latinarum
1030 1393 1242 1472 Editionum
1254 1395 1415 1491 adjectus

378 1507 456 1595 est;
481 1508 614 1607 quippe
638 1534 747 1608 quern
767 1511 868 1584 valde
892 1507 1107 1610 negligenter
1123 1509 1327 1587 confertum
1343 1500 1425 1584 esse'

377 1623 510 1710 scirem,
541 1627 701 1699 locorum
729 1623 964 1723 plurimorum
991 1649 1076 1699 cum
1103 1616 1295 1710 omiffione,
1327 1641 1410 1699 tum

314 1756 317 1767 ·
377 1738 542 1813 mendosa
557 1737 800 1835 descriptione.
852 1742 983 1838 Neque
1007 1754 1197 1814 contentus
1220 1765 1316 1814 eram
1339 1741 1412 1838 pri·

376 1880 453 1929 ores
481 1854 662 1929 Editiones
691 1856 735 1928 ad
768 1880 915 1928 manum
947 1856 1073 1927 habere
1105 1871 1142 1928 et
1169 1854 1332 1952 inspicere
1363 1851 1412 1929 ad

376 1996 557 2069 quemque
580 1995 690 2068 quem
712 1972 895 2044 tractarem
919 1972 1065 2057 loeum3
1090 1972 1202 2067 quod,
1226 1985 1269 2044 ut
1293 1985 1411 2059 antea,

377 2084 427 2158 ita
452 2085 570 2183 postea
594 2083 727 2181 semper
755 2081 834 2160 feci.
886 2084 1001 2181 Ipsam
1030 2083 1139 2182 igitur
1164 2085 1211 2156 ab
1238 2083 1340 2158 initio
1362 2085 1410 2159 ad

376 2202 487 2273 finem
502 2199 670 2276 Aldinam
687 2226 772 2274 cum
789 2203 1089 2275 Saarnnuraun
1107 2198 1242 2274 contuli
1258 2214 1294 2273 et
1309 2225 1410 2274 com·

376 2314 506 2413 paravi,
536 2316 695 2390 adhibita
724 2315 809 2387 item
836 2316 1010 2387 Bafileensr
1037 2330 1200 2412 utraque,
1225 2337 1272 2388 ex
1300 2314 1411 2413 iisqu‘e

376 2455 520 2505 omnem
537 2430 695 2504 lettionis
711 2428 916 2518 varietatem
932 2428 1083 2503 enotavi.
1118 2430 1203 2504 Fuit
1220 2430 1277 2502 hic
1294 2432 1410 2519 labor,

373 2545 569 2620 subsecivus
596 2545 756 2645 quidem,
787 2544 845 2618 sed
874 2559 995 2618 tamen
1023 2547 1122 2619 labor
1149 2546 1305 2619 duorum
1333 2545 1406 2620 sere

374 2687 562 2736 annorum.

423 2776 487 2851 Nil
520 2777 636 2852 dicam
667 2777 710 2851 de
746 2775 902 2851 molestia
931 2774 1025 2851 istius
1056 2775 1201 2874 negotii,
1234 2775 1407 2853 librorum

373 2890 582 2988 scriptorum
608 2907 645 2965 et
672 2890 849 2965 editorum
878 2891 1190 2987 excerpendorum,
1225 2888 1410 2989 excerpta·

373 3033 454 3081 rum
472 3005 664 3082 lcttionum
680 3007 726 3080 ad
743 3005 821 3080 suos
837 3007 932 3079 locos
949 3004 1260 3096 conferendarum
1286 3023 1327 3081 ut
1346 3006 1408 3082 sae-

372 3148 417 3220 pe
441 3147 503 3220 per
523 3123 721 3220 complures
741 3121 842 3194 horas
868 3107 1051 3208 desudans,
1074 3120 1136 3194 vix
1159 3147 1268 3197 unam
1284 3121 1409 3198 lectio

373 3264 455 3311 nem
485 3251 683 3311 memoratu
712 3234 870 3334 dignam,
899 3237 1031 3310 nedum
1058 3234 1239 3311 meliorem
1262 3238 1410 3336 vulgata

373 3355 496 3426 nanus
512 3351 649 3427 fuerim.
702 3340 830 3448 Neque
847 3350 944 3426 enim
959 3352 1035 3425 haec
1058 3351 1172 3426 studia
1197 3350 1295 3426 aliter
1319 3378 1407 3427 con·

372 3468 490 3542 stant:
519 3482 555 3542 et
582 3465 728 3540 subinde
753 3489 826 3538 una
853 3466 997 3540 tandem
1021 3466 1164 3542 inventa
1188 3466 1306 3556 lectio,
1331 3493 1407 3568 qua

370 3588 469 3660 locus
485 3586 629 3659 affectus
646 3582 831 3671 sanaretur,
850 3608 956 3658 omne
971 3583 1093 3681 prioris
1111 3585 1258 3663 tedium
1277 3587 1407 3661 laboris

369 3702 587 3800 abstergebat
611 3715 647 3773 et
670 3696 915 3772 humanissima
932 3700 1117 3795 voluptate
1140 3701 1403 3798 compensabat.

371 3819 439 3891 Sed
455 3821 633 3893 exantlata
650 3814 712 3889 ista
727 3838 846 3914 opera,
864 3812 953 3911 quid
965 3812 1202 3911 profeceram?
1220 3815 1406 3893 Nimirum

368 3950 446 4010 tam
473 3932 692 4019 immensam,
714 3947 790 4005 tam
819 3927 1112 4005 innumerabilem
1135 3929 1309 4005 variarum
1333 3932 1405 4006 lec·

366 4046 512 4122 tionum
529 4047 678 4145 segetem
694 4045 941 4143 congesseram,
961 4044 1062 4140 cujus
1080 4047 1175 4119 mole
1191 4043 1260 4143 ipse
1275 4047 1405 4120 obrue-

369 4188 435 4251 rer,
461 4162 520 4237 cui
544 4160 740 4260 digerendae
758 4158 819 4234 vix
843 4174 965 4233 totum
980 4157 1064 4233 vitae
1082 4157 1234 4256 spatium
1250 4158 1407 4238 sufficere

370 4280 558 4353 videretur.
610 4272 755 4349 Substiti
781 4271 949 4348 dubitans
977 4271 1066 4371 quid
1097 4298 1249 4373 agerem,
1278 4288 1403 4373 perge·

371 4421 502 4481 remne,
526 4419 570 4466 an
593 4407 713 4467 totum
731 4389 894 4464 editionis
913 4390 1096 4465 consilium
1110 4390 1317 4489 abjicerem:
1344 4411 1406 4466 ac·

370 4514 471 4601 cedo,
497 4512 648 4600 discedo,
666 4509 731 4589 alia
748 4508 868 4590 omnia
882 4534 982 4611 agere
999 4508 1143 4611 incipio.
1193 4506 1307 4614 Redit
1322 4508 1405 4609 post
