3642 5492
621 653 1088 785 PleAEFnrto.
1296 695 1372 751 xxv

346 837 551 920 bibliotheca
574 846 731 944 publica,
757 851 969 949 cognomine
993 850 1098 952 regia,
1121 853 1284 929 nondum
1300 858 1373 932 col·

347 958 421 1033 litos
437 962 484 1035 ab
507 959 704 1036 editoribus
721 963 914 1052 Plutarchi,
940 966 1109 1063 plurimos
1129 969 1236 1042 habet
1253 984 1291 1043 et
1307 994 1372 1068 op·

347 1074 454 1163 mos,
480 1076 674 1173 praelertim
697 1081 899 1168 nonnullos,
926 1083 1144 1156 Corranro
1172 1084 1373 1172 audore,e

344 1190 473 1266 Graecia
488 1194 626 1280 allatos,
639 1191 677 1266 in
693 1192 824 1293 quibus
840 1194 1008 1293 praecipui
1025 1194 1106 1269 sunt
1123 1194 1147 1268 ii
1163 1222 1254 1294 quos
1271 1213 1372 1272 nota-

341 1306 450 1382 bimus
468 1305 580 1381 literis
599 1310 639 1383 B.
657 1328 694 1383 et
713 1312 757 1384 E.
803 1312 912 1385 Hanc
929 1301 1245 1409 peregrinationem
1262 1310 1372 1386 incre-

339 1419 489 1497 dbiliter
516 1422 731 1499 studuosam
757 1426 803 1499 ad
829 1425 1091 1499 emendandum
1122 1426 1370 1516 Plutarchum,

338 1562 448 1635 quum
470 1539 567 1613 ultra
591 1535 782 1615 dimidium
807 1565 944 1613 annum
970 1539 1163 1636 producere
1186 1538 1272 1613 mihi
1296 1566 1369 1615 non

336 1651 508 1741 licuiffet3
547 1655 698 1729 domum
728 1656 840 1729 redux
873 1652 1039 1728 constitui
1070 1652 1210 1728 eosdem
1240 1651 1368 1743 fontes,

334 1763 446 1866 prima
462 1788 607 1869 quaque
624 1768 892 1868 opportunitate
907 1770 1039 1855 oblata,
1063 1785 1228 1867 repetere,
1254 1769 1309 1842 vel
1324 1795 1371 1844 ex

334 1882 370 1957 iis
385 1909 451 1981 per
467 1884 555 1960 alios
571 1883 731 1958 homines
748 1883 896 1959 haurire.
950 1881 1079 1957 Neutri
1105 1882 1247 1958 confilio
1265 1907 1371 1956 even·

336 2011 388 2073 tus
402 1996 608 2096 respondit:
635 1998 697 2073 nili
714 2001 813 2097 quod
835 1993 993 2074 medicus
1018 2000 1144 2071 hamm
1170 1997 1371 2077 Literarum

336 2112 557 2210 peritiffimus·
582 2115 641 2189 er
659 2115 821 2189 Fasvna
842 2138 893 2186 na
912 2114 1186 2186 Vrueennuue
1206 2097 1383 2206 jucundo·

337 2254 390 2303 me
407 2230 506 2306 dono
520 2229 623 2303 auxit
647 2225 740 2304 facta
763 2226 950 2303 collatione
969 2228 1188 2326 Consolationis
1204 2228 1253 2298 od
1267 2230 1370 2325 Apol-

336 2348 444 2418 lonium
460 2370 548 2419 cum
563 2345 704 2420 duobus
721 2342 812 2419 illius
829 2342 1055 2417 bibliotheca
1067 2338 1262 2427 codicibus,
1280 2364 1371 2438 quos
1443 2398 1446 2403 ,
1522 2367 1526 2379 ·

338 2458 604 2560 ignificavimus
631 2458 740 2534 literis
767 2460 818 2532 N.
846 2471 884 2532 et
916 2457 961 2532 Z.
1020 2457 1201 2531 Caeterum
1232 2453 1370 2529 codices

338 2562 475 2650 Parilini
492 2599 514 2650 a
530 2600 589 2649 me
604 2576 722 2649 collati
744 2575 789 2648 ad
805 2570 1007 2659 duodecim,
1032 2569 1223 2669 plurimam
1245 2596 1368 2646 emen·

337 2689 485 2765 dationis
509 2704 649 2788 partem
674 2690 864 2764 Plutarcho
889 2688 1144 2773 contulerunt3
1179 2685 1260 2760 licet
1289 2686 1383 2761 reli·‘

336 2830 488 2902 quorum
504 2804 671 2880 codicum
689 2802 887 2879 nostrorum
897 2827 941 2876 ea
956 2804 996 2876 fit
1012 2816 1048 2875 et
1061 2802 1202 2876 bonitas
1219 2816 1255 2875 et
1274 2804 1369 2879 mul·

338 2919 464 3008 titudo,
493 2945 574 3019 quae
601 2922 696 2995 haud
722 2918 791 2994 scio
819 2944 863 2992 an
890 2916 1022 2991 nemini
1044 2943 1221 3015 umquam
1241 2919 1369 2993 veteris

338 3033 496 3111 Auctoris
524 3036 649 3111 editori
676 3033 838 3110 adfirerit.
890 3034 1016 3131 ltaque
1042 3058 1127 3106 cum
1153 3031 1235 3106 alias
1263 3032 1366 3131 saepe,

337 3165 410 3226 tum
435 3152 606 3249 proximis
629 3153 682 3225 his
705 3150 817 3239 annis,
843 3164 1008 3247 excerpta
1028 3148 1194 3224 codicum
1210 3148 1368 3248 digerens

337 3267 375 3341 td
388 3291 502 3366 eaque
519 3267 697 3343 Plutarchi
714 3266 919 3364 scripturam
943 3266 1144 3352 emendans,
1171 3264 1207 3338 in
1226 3264 1367 3342 illonun

338 3381 411 3455 reni
427 3381 705 3457 recordationem
721 3381 939 3479 temporum,
957 3394 993 3454 et
1011 3380 1205 3455 amicorum
1223 3381 1287 3481 qui
1305 3407 1366 3455 co·

339 3513 434 3571 ratus
450 3519 549 3573 meos
559 3498 743 3594 juvarunt,
758 3500 1021 3583 Vrrrorsonr,
1039 3498 1365 3584 Snucrocnucu,

340 3610 567 3699 harenari,
584 3612 745 3700 aliorum,
761 3615 806 3687 de
823 3611 955 3711 quibus
973 3611 1060 3686 illud
1076 3612 1240 3699 dicimus,
1260 3618 1320 3685 ουδὲ
1335 3649 1366 3685 τι

338 3723 411 3823 llpo
426 3733 501 3802 Ζῶει
519 3731 565 3825 ’ὅγ’
581 3730 771 3807 lolliano:
799 3753 879 3827 quae
898 3727 1105 3824 recordatio,
1123 3726 1225 3800 tristis
1242 3727 1366 3801 eadem

338 3855 368 3915 et
391 3841 566 3937 jucunda,
596 3842 786 3939 conjuncta
817 3858 910 3917 certe
940 3842 990 3917 est
1017 3868 1101 3916 cum
1123 3854 1230 3940 grato
1256 3842 1366 3918 animi

339 3953 428 4031 sensu
443 3972 481 4031 et
499 3971 598 4043 voto,
618 3957 702 4032 velit
721 3959 821 4034 Deus
837 3969 875 4035 et.
891 3958 985 4032 illam
1000 3956 1251 4032 bibliothecam
1266 3957 1363 4032 inco·

338 4070 467 4146 lumem
484 4071 626 4160 struare,
652 4087 687 4149 et
707 4098 790 4148 vero
815 4071 930 4170 ipsum
947 4073 1122 4170 populum
1139 4099 1224 4149 curn
1241 4074 1365 4149 vicinis

339 4188 473 4285 populis
489 4188 527 4261 in
541 4186 710 4284 ejusmodi
726 4214 849 4288 pacem
866 4214 907 4261 ac
927 4190 1218 4287 tranquillitatem
1235 4189 1363 4265 consti·

340 4316 442 4391 tuere,
469 4328 550 4402 quae
566 4302 761 4400 plurimum
779 4308 890 4379 valeat
910 4305 955 4377 ad
972 4302 1192 4403 ingeniorum
1208 4307 1362 4396 cultum,

340 4429 371 4491 et
387 4418 434 4491 rei
452 4443 537 4492 cum
553 4419 717 4519 publicae,
737 4435 817 4494 tum
832 4420 992 4517 privatae,
1011 4424 1145 4495 florem.

383 4533 452 4609 Sed
478 4534 612 4644 redeatc·
635 4536 732 4611 unde
755 4536 902 4638 digrelsa
929 4532 990 4625 est,
1019 4536 1144 4612 oratio.
1196 4537 1363 4615 Duorum
