3642 5492
595 456 1075 560 ‚rumrnrro
1309 437 1435 549 ut'

318 648 533 751 regimem.
552 663 590 730 et
608 676 691 749 qua
706 648 883 751 hodieque
899 651 1036 728 exstant
1054 666 1205 751 excepto
1220 677 1295 730 uuo
1313 651 1357 730 li·-

318 768 411 843 bello
424 770 497 871 uqi
514 771 626 858 asem
642 769 695 843 καὶ
709 774 818 856 ulnae,
834 781 872 843 et
888 767 977 844 forte
992 771 1116 856 altero,
1133 773 1204 875 Περὶ
1221 776 1354 849 mireo.

319 881 459 982 Singula
497 879 701 956 notabimus
733 880 772 955 iu
803 880 1175 961 Animadverfionibus
1203 888 1249 961 ad
1277 888 1356 963 suos

318 1025 467 1099 quaque
485 1000 633 1086 libellos,
661 1006 743 1079 turn
759 1027 841 1078 vero
858 1001 896 1076 in
922 1003 1132 1078 Narratione
1147 1007 1192 1079 de
1212 1005 1295 1084 Vita
1318 1022 1355 1082 et

318 1114 450 1212 scriptis
483 1115 677 1191 Plutarchi.
733 1120 803 1192 Sed
832 1144 877 1191 er
907 1121 981 1192 hoc
1005 1120 1143 1218 Sopatri
1173 1143 1277 1217 opere
1306 1120 1354 1194 nil

317 1229 495 1308 servam
520 1228 585 1304 est.
1258 1226 1265 1241 ’

356 1348 483 1444 JOH.
516 1347 763 1456 STOBAEUS
790 1348 971 1424 meliorem
1001 1350 1127 1424 habirit
1159 1349 1354 1440 fortunam,

314 1462 410 1561 cujus
425 1464 469 1539 in
484 1463 612 1539 eodem
628 1491 752 1564 gtneoe
770 1490 859 1562 opus
875 1473 1070 1565 Ἀνὲολὸγιον
1082 1472 1245 1565 Ἐκλογόν,
1261 1474 1355 1543 Ἀπο-

316 1582 504 1676 ρᾶιγμᾶτυν
531 1582 718 1667 ‘sedanda
750 1584 773 1653 sr
800 1579 918 1654 minus
946 1580 1135 1680 integrum,
1162 1580 1357 1666 maximam

316 1709 432 1773 ruuen
449 1713 592 1794 partem
608 1698 655 1772 ad
671 1721 734 1772 nos
749 1697 923 1795 pervenit.
974 1699 1139 1774 AEtatem
1156 1698 1243 1794 ejus,
1259 1712 1303 1773 ut
1319 1697 1357 1773 in

316 1835 349 1885 re
376 1810 528 1913 incerta,
560 1809 663 1887 initio
688 1813 792 1908 hujus
818 1812 947 1899 saculi,
978 1838 1047 1888 nee
1069 1830 1162 1887 certe
1189 1813 1356 1910 posterius

315 1930 522 2029 ponendam
547 1929 750 2008 censemus:
786 1955 1008 2028 quamquam
1031 1929 1128 2027 prius
1153 1928 1261 2003 etiarn
1290 1915 1364 2026 poss

316 2046 431 2135 nitur,
458 2047 603 2146 aequalis
631 2050 669 2125 T
671 2047 834 2134 hemistii,
864 2061 900 2122 et
921 2044 1075 2141 Juliani,
1104 2069 1126 2119 a
1151 2046 1356 2124 Fnurrcro

318 2160 415 2235 Bibl.
431 2162 547 2239 Grac.
571 2163 643 2236 vol.
662 2160 736 2250 viii,
761 2188 796 2260 p.
817 2164 902 2237 666.
955 2161 1073 2235 Locos
1100 2161 1245 2252 multos,
1270 2146 1358 2258 sape

315 2272 428 2349 etiam
448 2275 573 2374 longos
599 2300 646 2350 ex
672 2275 854 2354 Plutarchi
876 2273 974 2350 libris
997 2272 1153 2349 maxime
1170 2275 1357 2349 Moralibas
1498 2346 1501 2349 ,

316 2386 450 2468 refert:
489 2388 638 2466 subinde
666 2389 775 2468 etiam
804 2390 902 2467 nulla
930 2387 1053 2464 addita
1078 2387 1157 2465 libri
1186 2387 1357 2488 segnifica-

318 2505 437 2583 tione:
475 2505 623 2586 subinde
650 2506 759 2583 etiam
783 2505 929 2584 nornine
955 2504 1137 2581 Plutarchi
1161 2530 1183 2579 a
1211 2502 1361 2587 librariis

319 2623 471 2720 omilim
498 2623 612 2721 quod,
634 2639 677 2699 ut
704 2622 778 2698 aliis
801 2620 888 2697 locis
910 2646 956 2696 ex
980 2620 1170 2696 meliorum
1190 2619 1359 2695 codicum

320 2737 582 2828 collationibus,
608 2764 691 2838 quae
712 2739 809 2836 apud
831 2763 889 2812 me
914 2736 1007 2824 sunt,
1031 2737 1195 2837 cognovi,
1217 2736 1268 2811 ita
1286 2734 1361 2810 aliia

321 2880 380 2953 per
403 2855 658 2953 conjecturam,
681 2855 852 2929 affecutua
885 2852 976 2940 sum,
1008 2850 1120 2927 veluti
1147 2850 1271 2950 insigni
1299 2848 1360 2925 illo
1477 2840 1492 2865 ⁰

321 2969 521 3071 fragmento
537 2996 583 3047 cx
600 2969 696 3061 libris
713 2972 755 3045 de
770 2972 901 3057 Anima,
927 2970 1027 3069 quod
1041 2969 1089 3043 ad
1104 2970 1236 3046 calcem
1252 2966 1361 3044 libelli

324 3088 379 3164 De
410 3092 495 3165 Sera
521 3088 674 3165 Numinis
703 3088 872 3164 Vindil‘ta,
889 3086 998 3161 edidi.
1049 3088 1231 3162 Caetemm
1264 3089 1360 3162 locos

316 3202 467 3296 'Stoboei,
484 3229 539 3280 ‘ex
554 3202 664 3293 tibris,
688 3206 751 3305 qui
769 3203 967 3303 supersunt,
986 3202 1023 3277 in
1040 3204 1361 3279 Emendationibus

278 3380 284 3401 .
322 3316 391 3413 itm
405 3319 652 3410 adhibuimus,
678 3322 716 3398 in
735 3320 1104 3399 Animadverfionibus
1128 3346 1233 3420 porro
1259 3333 1360 3393 nota·

327 3432 463 3509 bimus:
491 3459 551 3508 eos
577 3434 642 3534 qui
666 3462 711 3510 err
731 3436 877 3535 perditis
896 3435 977 3512 sunt
1000 3435 1095 3511 libris
1115 3433 1362 3511 exhibebimus

327 3545 621 3653 quragrnentis:
649 3566 884 3653 utrorumque
902 3553 1123 3628 mentionem
1141 3552 1308 3627 faciemus
1325 3550 1362 3627 in

328 3668 535 3745 Narratione
562 3671 609 3747 dc
635 3669 719 3745 Vita
744 3687 780 3744 et
808 3667 953 3769 Scriptis
980 3668 1174 3746 Plutarchi.
1227 3670 1363 3744 Interea

328 3780 498 3882 speramus
526 3782 710 3884 utriusque
738 3786 919 3861 Stobaeani
950 3785 1066 3883 operia
1098 3809 1205 3858 novas
1238 3783 1363 3883 easque

328 3901 476 4003 egregias
501 3901 675 3979 editiones
700 3904 902 3978 absolutum
929 3901 969 3976 iri
997 3900 1167 4001 nobisque
1187 3902 1235 3978 ad
1257 3901 1363 3975 usum

328 4017 484 4096 uoltum
512 4034 650 4118 paratas
676 4017 763 4107 fore,
796 4022 988 4118 Eclogarum
1009 4016 1084 4114 jarn
1113 4016 1313 4092 inchoatam
1343 4040 1366 4089 a

328 4138 382 4213 Cl.
408 4139 627 4224 Hanauro,
658 4140 837 4211 Sermoucm
862 4162 884 4208 a
910 4136 966 4209 Cl.
995 4136 1200 4209 Senowro.
1252 4132 1365 4207 Nunc

328 4251 406 4332 satis
431 4255 607 4330 habemus
634 4252 810 4328 librorum
832 4249 1067 4349 perditorum,
1093 4276 1113 4325 e
1139 4246 1270 4347 quibus
1296 4246 1364 4322 loci
1482 4274 1484 4278 ⁷

326 4368 421 4449 allati
447 4368 602 4462 exstant,
634 4369 778 4449 nomina
805 4368 950 4557 rhotado.
1006 4370 1098 4447 Sunt
1127 4363 1236 4467 igitur
1263 4364 1362 4442 hac:

862 4509 883 4584 3
