3642 5492
645 704 1113 805 rRAErnrro.
1335 696 1415 779 xtr-

387 921 458 988 nrm,
483 899 572 974 item
600 886 819 983 Austorum',
843 920 888 968 ex
914 893 1045 993 quibus
1069 892 1135 966 lux
1159 888 1314 988 petendo
1338 886 1402 976 est,

383 1013 607 1115 kgmdorum.
658 999 934 1110 Sumfi-ergo'ex
950 1007 1137 1084 Moralibus
1158 1004 1268 1092 libris,
1294 1024 1404 1102 quem

378 1127 738 1205 Animadverfionibus
763 1124 851 1201 meio
877 1120 1297 1219 illustratum-separatim
1322 1120 1404 1193 ede·

374 1269 448 1334 rem,
475 1243 581 1319 illum
604 1245 645 1317 de
669 1246 749 1316 Sera
764 1242 914 1331 Nmninr's
931 1242 1094 1316 Vindicta.
1147 1240 1203 1311 Ut
1219 1259 1267 1311 ex
1283 1235 1404 1310 Moro-

371 1362 444 1435 bles
466 1362 567 1435 hunc
591 1383 662 1458 pre
686 1356 821 1433 caeten's
839 1354 1018 1456 eligerem,
1043 1353 1182 1429 valebat
1203 1350 1405 1451 argumenti

371 1498 447 1550 cum
475 1472 647 1575 gravitas,
678 1488 759 1548 tum
783 1470 887 1560 ratio,
919 1488 1072 1569 utraque
1100 1470 1148 1543 ad
1175 1485 1407 1544 communem

370 1587 557 1664 hominum
584 1602 731 1685 captum
760 1585 992 1685 studiumque
1015 1586 1296 1660 accommodata.
1349 1585 1408 1658 Ut

370 1697 517 1778 omnino
541 1727 588 1777 ex
611 1705 796 1778 Moralibus
820 1702 952 1777 librum
974 1701 1151 1799 eligerem,
1175 1702 1300 1775 cauffae
1317 1697 1418 1774 mihi'

371 1817 513 1893 iuemnt
531 1816 680 1903 idoneae,
700 1820 744 1892 de
761 1813 891 1917 quibus
908 1841 1005 1892 nunc
1022 1816 1215 1891 dicendum
1232 1809 1293 1889 est.

411 1933 569 2032 Triplex
584 1933 635 2006 est
652 1932 711 2007 illa
726 1933 965 2033 intelligentior
982 1931 1182 2020 difficultas,
1207 1957 1290 2030 quae
1306 1931 1344 2004 in
1359 1932 1409 2005 le·

369 2049 482 2149 gendo
500 2049 694 2125 Plutarcho
712 2048 744 2122 se
759 2047 801 2123 iis
818 2046 941 2145 objicit
957 2047 1022 2147 qui
1038 2048 1112 2144 ejus
1125 2046 1229 2122 usum
1244 2048 1409 2122 nondum

369 2159 510 2239 hebent.
541 2161 671 2239 'Prima
681 2163 732 2238 est
746 2189 798 2252 er,
816 2165 861 2239 de
875 2188 949 2262 qua
963 2162 1134 2251 diximus,
1151 2159 1294 2261 propria
1309 2185 1408 2261 quae·

371 2283 450 2356 dom
466 2281 689 2356 Plutarcheae
706 2280 872 2355 orationis
894 2280 1021 2368 forma,
1048 2279 1085 2355 in
1102 2280 1230 2369 verbis,
1256 2279 1408 2357 nomini·

372 2397 448 2484 bus,
463 2392 753 2469 constructione:
780 2391 899 2483 altera,
926 2395 1109 2470 recondita
1126 2393 1311 2470 dottnna:
1338 2412 1408 2471 ter·

370 2508 428 2596 tia,
462 2510 560 2582 labes
593 2525 630 2581 et
665 2511 865 2607 corruptela
894 2509 1084 2608 scripture.
1137 2512 1305 2610 Cumque
1334 2513 1410 2586 duo

371 2629 432 2699 fint
449 2648 579 2724 genera
601 2623 774 2699 librorum
796 2624 1101 2714 Plutarcheorum,
1124 2628 1277 2702 alterum
1299 2627 1409 2705 histo·

370 2740 438 2827 riae,
464 2739 525 2814 seu
543 2743 704 2829 totarum,
729 2743 880 2816 alterum
896 2740 1067 2817 doctrinae
1085 2744 1183 2842 quod
1198 2746 1309 2843 vulgo
1327 2741 1408 2820 Mo·

370 2862 482 2932 ratim
509 2857 653 2931 nomine
678 2860 873 2956 appellatur
884 2893 896 2947 3
928 2858 965 2932 in
991 2874 1144 2960 utroque
1169 2861 1318 2959 quidem
1340 2860 1408 2936 fre·

371 2986 519 3071 quenter
553 2973 633 3046 sunt
667 2987 737 3073 tres
768 2973 835 3048 illae
866 2972 1086 3049 difficultatis
1118 2978 1256 3065 cauffae,
1291 2980 1410 3053 multo

371 3098 489 3161 tamen
514 3086 828 3187 frequentioresin
853 3092 992 3165 Murali.
1046 3093 1171 3191 ltaque
1192 3095 1331 3172 adhoc
1350 3117 1409 3171 me

371 3228 478 3301 genus
495 3205 628 3300 majore
644 3204 761 3278 studio
777 3204 954 3304 applicui:
983 3232 1056 3280 non
1072 3223 1114 3282 ut
1133 3199 1283 3283 alterum
1299 3209 1410 3309 negli‘·

371 3345 509 3419 gerem:
534 3318 593 3393 sed
610 3339 650 3395 ut
669 3321 812 3419 utrique
823 3322 956 3418 justam
973 3350 1014 3397 ac
1031 3323 1188 3399 debitam
1205 3325 1409 3401 adhiberem

371 3459 504 3523 curam,
527 3435 754 3511 intentiorem
779 3437 888 3537 igitur
908 3440 1019 3538 magis
1044 3441 1183 3528 affecto,
1210 3442 1310 3539 quod
1331 3465 1412 3516 vere

373 3550 440 3625 dici
458 3552 577 3649 potest
594 3552 746 3641 dodius,
772 3553 962 3642 difficilius,
989 3555 1200 3653 corruptius.
1252 3559 1340 3630 Hoc
1358 3556 1427 3628 in··

373 3665 537 3740 stitutum
556 3669 658 3741 srmul
682 3695 726 3743 eo
743 3670 894 3758 valebat,
921 3685 963 3744 ut
982 3675 1005 3746 sr
1024 3673 1169 3769 quando
1184 3670 1231 3743 ad
1247 3669 1413 3744 omnium

373 3784 665 3857 Plutarcheorum
678 3811 827 3881 operum
837 3784 1031 3859 editionem
1041 3784 1202 3858 animum
1212 3784 1413 3880 adjicerem,

370 3896 466 3996 prius
498 3914 619 3996 perata
648 3901 755 3974 effent
784 3926 824 4002 oc
854 3900 1037 3998 prodirent
1067 3901 1243 3986 Moralia3
1277 3898 1414 3998 quippe

373 4039 452 4112 quae
466 4013 606 4111 triplice
623 4011 682 4087 illa
699 4017 742 4087 de
761 4018 876 4090 cauffa
893 4018 1010 4089 multo
1026 4013 1195 4110 majorem
1210 4012 1413 4088 diuturnio-

371 4153 517 4227 remque
542 4129 685 4227 operum
711 4131 927 4229 postularent
951 4155 1060 4229 quam
1084 4133 1180 4217 Vrtae,
1205 4153 1287 4227 quae
1302 4151 1413 4225 prop·

372 4261 464 4319 terea
489 4248 583 4320 reete
610 4246 647 4319 in
673 4249 823 4320 alterum
850 4251 946 4346 quusi
971 4247 1093 4319 actum
1119 4260 1155 4319 et
1182 4246 1228 4317 ad
1253 4241 1423 4341 requiem

371 4360 500 4434 hboris
518 4379 780 4458 reponerentur.
1121 4369 1123 4374 “
1212 4375 1213 4378 ’
1404 4388 1406 4392 ’

421 4479 511 4552 Hoc
533 4502 657 4552 meum
682 4477 751 4552 fuit
774 4479 818 4551 de
842 4473 1033 4551 Plutarcho
1051 4472 1249 4560 confilium,
1274 4469 1333 4545 hic
1349 4496 1414 4567 ap⁴

370 4606 527 4690 pentus,
539 4610 627 4708 ,ante
643 4596 709 4671 hos
724 4591 852 4695 viginti
870 4608 1025 4693 quatuor
1040 4595 1162 4680 annos,
1179 4613 1295 4688 quum
1314 4586 1413 4687 Lug·
