3642 5492
656 619 1124 720 nantario
1341 615 1413 698 cd

412 803 538 878 nonsatis
557 804 700 878 firmam
717 805 966 879 auetoritatem
984 809 1167 894 haberent,
1188 829 1415 904 quarumque

415 919 511 996 notatio
536 919 630 994 viam
662 920 878 996 inveniendae
909 950 999 997 verae
1030 921 1189 997 ledtionis
1221 922 1417 1019 patefacere

415 1037 559 1111 rideretur.
606 1036 769 1111 Omnino
785 1040 880 1112 locos
899 1066 920 1111 a
937 1043 1170 1126 Sisennam,
1187 1037 1319 1111 incerta
1333 1038 1417 1114 licet

414 1153 592 1240 urbantate,
618 1168 739 1226 tamen
760 1154 806 1226 ad
830 1153 1029 1228 orationem
1053 1172 1089 1228 et
1106 1152 1316 1228 sententiam
1332 1177 1416 1250 pro-

415 1268 536 1344 babiliter
549 1271 738 1356 corretlos,
754 1269 818 1343 ubi
833 1270 902 1344 mei
920 1271 1058 1345 codices
1075 1271 1125 1345 nil
1141 1270 1254 1346 sanius
1270 1267 1416 1369 integri-

414 1380 492 1482 ulque
507 1383 692 1471 adferrent,
719 1385 866 1460 retinere
892 1387 1014 1474 malui,
1043 1414 1154 1485 quam
1178 1403 1283 1463 vetus
1313 1386 1416 1461 Aldi-

415 1522 476 1573 nun
487 1504 608 1576 mnus
626 1502 746 1576 denuo
763 1502 904 1601 aperire.
958 1505 1154 1604 Reliquam
1179 1531 1324 1580 omnem
1344 1507 1416 1579 lec·

414 1611 487 1689 tionis
499 1616 714 1706 varietatem,
738 1618 866 1716 partim
893 1619 931 1692 in
950 1619 1322 1695 Animadverfionibus
1340 1644 1418 1693 me·
1527 1647 1530 1652 ·

415 1735 605 1823 notabimus,
624 1732 755 1833 partim
774 1735 810 1809 in
827 1736 995 1834 peculiari
1014 1737 1135 1812 Indice
1148 1734 1414 1811 exhibebimus:

415 1869 491 1941 quan
520 1854 541 1925 si
574 1850 655 1950 quis
690 1851 857 1926 adhibeat
890 1851 1196 1927 Annotationibus
1229 1849 1419 1927 contextui

417 1959 551 2058 subjeffis,
577 1965 606 2039 is
633 1965 683 2039 nil
706 1968 875 2041 derideret
899 1971 945 2043 ad
966 1996 1045 2043 eam
1068 1981 1178 2067 quam
1196 1984 1325 2043 vocant
1344 1970 1417 2042 Ge·

416 2083 571 2184 nologiam
604 2101 807 2172 contextus,
844 2090 925 2174 five,
958 2089 1002 2161 ad
1036 2088 1179 2183 plenam
1213 2083 1418 2181 justamque

415 2198 618 2296 <opinonem
636 2200 880 2276 mutationum
907 2201 1034 2300 quovis
1059 2203 1138 2276 loco
1161 2201 1207 2276 ab
1224 2199 1419 2275 editoribus

418 2307 540 2413 deinoeps
557 2316 742 2390 laetarum.

447 2429 550 2506 Tertia
566 2430 723 2508 materia
740 2460 818 2530 pars
834 2433 885 2507 est
903 2431 1150 2532 Interpretatio
1167 2432 1309 2521 Latina,
1336 2457 1420 2530 quae

413 2543 635 2643 sulgodicitur
655 2552 768 2643 Verfio.
820 2554 927 2650 Quae,
954 2567 996 2624 ut
1021 2551 1134 2624 abesse
1159 2551 1266 2650 debet
1289 2551 1335 2623 ab
1356 2575 1419 2624 ex-

410 2662 503 2756 emplis
520 2666 563 2738 ad
578 2664 776 2739 scholarum
794 2692 834 2739 ac
852 2666 1009 2741 tironum
1025 2666 1285 2748 institutionem
1302 2663 1421 2752 editis,

409 2798 456 2847 nec
468 2778 672 2854 desideratur
689 2782 734 2853 ab
753 2779 792 2854 iis
811 2781 873 2879 qui
893 2785 1017 2856 Graeca
1041 2808 1143 2881 aeque
1160 2782 1350 2857 commode
1367 2780 1421 2853 in·

406 2889 545 2990 telligunt
563 2921 604 2969 ac
623 2896 765 2982 Latina,
793 2896 843 2969 ita
868 2897 987 2973 omitti
1007 2925 1078 2972 non
1093 2913 1233 2996 poterat
1251 2897 1289 2970 in
1305 2896 1422 2972 nostra

402 3005 561 3097 Editione,
579 3012 712 3110 quippe
731 3014 775 3085 ad
792 3038 1022 3088 communem
1041 3013 1205 3088 omnium
1225 3012 1330 3088 ulum
1346 3010 1422 3085 des·

396 3120 506 3213 tinam,
531 3153 688 3226 quorum
714 3130 818 3227 longe
842 3130 1021 3203 maximus
1044 3154 1213 3204 numerus
1235 3154 1281 3201 ex
1303 3124 1423 3200 medio

388 3243 536 3336 quodam
553 3270 678 3343 genere
704 3244 766 3331 cst,
792 3245 850 3317 cui
879 3247 996 3318 Versro
1021 3261 1056 3318 et
1081 3260 1181 3345 grata
1196 3259 1232 3318 et
1250 3241 1348 3317 utilis
1366 3244 1419 3315 srt.

384 3357 451 3432 Sed
468 3359 638 3432 Versronis
658 3359 783 3456 triplex
810 3360 860 3431 cst
885 3361 1055 3433 officium.
1110 3360 1273 3434 Primum
1291 3357 1353 3442 est,
1380 3371 1423 3430 ut

381 3475 422 3548 fit
440 3500 529 3560 uera,
547 3475 728 3547 nec-aliud
746 3478 914 3572 loquatur
933 3497 1041 3572 atque
1059 3479 1209 3550 Audtor.
1240 3477 1421 3557 Alterum,

377 3611 421 3664 ut
451 3591 492 3663 fit
522 3592 598 3663 bene
626 3594 760 3663 Latina.
814 3591 994 3679 Tertium,
1026 3608 1067 3665 ut
1091 3589 1259 3668 Austoris
1287 3587 1434 3661 lentem

376 3707 468 3780 tiam
485 3730 556 3778 non
574 3705 743 3791 universe,
770 3706 825 3778 sed
853 3706 1028 3803 sigillatim
1053 3723 1087 3780 et
1107 3722 1268 3780 accurate
1286 3704 1424 3790 reddat,

371 3819 522 3920 ejusque
538 3820 790 3919 proprietatem
816 3822 851 3894 in
877 3821 990 3895 verbis
1016 3838 1050 3895 et
1077 3818 1338 3895 construetione
1361 3843 1424 3891 ex·

368 3936 531 4039 prima-t:
560 3938 661 4037 quod
679 3937 837 4012 officium
863 3938 931 4010 fere
958 3938 1141 4038 negligunt
1166 3937 1202 4009 in
1221 3932 1423 4035 vulgaribus

369 4052 509 4152 linguis
535 4052 637 4126 faetae
665 4056 859 4139 versiones,
890 4082 970 4151 quae
1000 4054 1032 4126 se
1061 4053 1180 4151 potius
1213 4051 1425 4148 exemplaria

370 4193 491 4268 quam
509 4167 690 4267 imagines,
709 4170 808 4265 quod
826 4171 970 4242 barbare
987 4171 1113 4244 dicunt
1130 4174 1300 4269 originalia
1321 4173 1425 4264 potius

371 4311 473 4387 quom
488 4289 594 4381 copiae,
620 4284 741 4357 haberi
760 4286 887 4356 volunt
906 4314 914 4357 :
942 4299 1100 4392 attamen
1118 4311 1195 4357 earn
1211 4284 1285 4356 vim
1302 4282 1424 4366 babet,

372 4419 421 4477 ut
439 4425 486 4473 eo
502 4400 651 4474 demum
661 4402 810 4486 ¹duobus
828 4402 1004 4499 prioribus
1021 4400 1143 4477 officiis
1160 4401 1295 4486 addit0,
1321 4400 1425 4470 bonae

373 4517 557 4594 Versronis
591 4517 728 4593 numeri
761 4521 981 4617 expleantur.
1035 4521 1132 4592 Nam
1161 4533 1196 4593 et
1228 4517 1424 4591 auctorem
