3642 5492
385 621 517 698 cxxxvi
670 618 1137 730 PRAEFATIO.

386 811 529 881 verno:
557 808 601 880 de
617 808 724 880 altera
740 823 837 904 parte
855 804 1078 880 monebimus
1099 803 1135 876 in
1153 800 1326 901 principio
1344 799 1424 899 pos-

385 922 555 996 teriorum
572 921 797 997 voluminum
815 949 895 1022 quae
913 919 1282 996 animadversionibus
1299 918 1437 994 nostris

385 1036 556 1110 destinata
571 1037 664 1112 sunt.
717 1041 909 1124 Caeterurn,
936 1038 1120 1136 quomodo
1147 1035 1183 1108 in
1208 1039 1273 1110 hac
1296 1033 1425 1134 triplici

386 1152 529 1226 materia
546 1152 790 1227 constituenda
807 1153 1043 1251 poliendaque
1060 1152 1181 1225 versati
1200 1156 1318 1240 fimus,
1347 1153 1425 1227 bre·

385 1269 475 1341 viter
492 1286 527 1341 et
546 1269 749 1343 summatim
767 1268 975 1343 reseremus:
1005 1295 1089 1342 nam
1111 1279 1231 1342 tutum
1252 1271 1425 1342 boccum

387 1384 560 1483 sigillatim
576 1396 777 1459 enumerare
795 1383 974 1458 infinitum
988 1389 1042 1471 fit,
1060 1402 1140 1458 tum
1153 1384 1291 1482 plenius
1308 1387 1426 1460 multo

387 1519 421 1572 et
441 1501 636 1575 accuratius
654 1503 780 1575 harurn
799 1501 998 1575 Literarurn
1024 1499 1127 1597 periti
1145 1527 1191 1574 ex
1208 1501 1281 1598 ipsa
1300 1501 1426 1575 nostm

388 1617 563 1691 Erlirionis
580 1618 729 1692 lectione
747 1635 783 1692 et
803 1617 1011 1691 tractatione
1030 1617 1238 1716 intelligent.

438 1740 492 1807 Ac
509 1734 623 1830 primo
640 1736 786 1833 quidem
811 1737 979 1808 Graecum
1001 1760 1104 1831 opus,
1130 1733 1167 1806 id
1191 1733 1242 1808 est
1264 1737 1427 1808 Contex-

388 1864 468 1922 turn
487 1877 558 1923 non
587 1850 724 1923 reddidi
750 1878 794 1924 ex
822 1849 1001 1937 Restione,
1026 1852 1081 1922 vel
1099 1848 1348 1946 Stephanum,
1371 1851 1427 1924 vel

387 1965 545 2054 aliaftsed
567 1968 612 2040 ab
630 1968 767 2066 integro
785 1965 936 2040 recensui
962 1981 997 2038 et
1022 1962 1200 2038 constitui.
1251 1967 1366 2064 Qrod
1389 1964 1426 2038 in

387 2100 463 2158 tam
479 2100 646 2183 corrupto
664 2112 768 2183 opere
785 2104 819 2158 et
839 2083 946 2159 tantis
966 2082 1052 2156 meis
1072 2082 1197 2182 copiis,
1223 2111 1297 2159 non
1315 2087 1427 2158 modo

386 2199 501 2287 licere,
519 2200 576 2275 sed
593 2201 779 2276 necessario
796 2201 1003 2275 faciundum
1021 2196 1229 2271 existimavi.
1282 2201 1427 2274 Funda-

388 2316 500 2389 menti
526 2316 630 2390 instar
654 2316 763 2391 habui
790 2317 973 2402 Aldinarn,
996 2314 1054 2390 cui
1081 2330 1200 2388 toturn
1224 2315 1429 2391 Contextus

388 2434 483 2528 quasr
502 2430 692 2506 aedificium
709 2432 978 2530 superstruerem
1002 2429 1204 2528 recipiendis
1221 2431 1429 2508 melioribus

387 2547 597 2622 lectionibus
614 2565 648 2623 et
667 2551 918 2647 supplementis
932 2551 1103 2624 librorum
1116 2577 1202 2625 cum
1214 2549 1427 2646 scriptorum

389 2679 468 2737 tum
488 2663 676 2739 editorum.
730 2669 778 2739 Et
795 2664 916 2739 videor
941 2664 1027 2738 milri
1053 2666 1103 2739 ita
1127 2667 1332 2764 expurgasse
1349 2669 1427 2740 vul·

387 2797 526 2879 gamm,
553 2782 615 2881 qui
640 2785 757 2856 adhuc
781 2782 939 2879 optimus
964 2784 1173 2866 habebatur,
1199 2797 1431 2870 contextum,

388 2915 443 2987 ut,
471 2900 590 2997 quoad
618 2899 691 2994 ejus
718 2899 754 2972 in
784 2900 838 2973 his
862 2902 966 2973 rebus
991 2899 1065 2972 fieri
1090 2899 1217 2996 potest,
1245 2899 1428 2975 Plutarchi

388 3043 537 3090 manum
562 3030 597 3090 et
624 3016 827 3114 scripturam
851 3015 1067 3090 restituerem
1090 3013 1249 3111 plurimis
1273 3014 1310 3087 in
1328 3017 1429 3104 locis,

387 3149 450 3208 aut
468 3135 530 3206 ubi
548 3159 589 3206 ea
606 3133 737 3208 restitui
756 3159 829 3207 non
845 3131 976 3231 potnit,
994 3131 1201 3206 sententiam
1219 3149 1313 3206 certe
1327 3151 1428 3228 pate·

387 3251 536 3324 sacerem
567 3251 613 3323 ad
647 3277 724 3323 eam
756 3248 1106 3334 verifimilitudinem,
1140 3263 1182 3320 ut
1214 3247 1429 3344 paucissrmae

388 3367 555 3464 superfiat
580 3365 750 3460 ejusmodi
775 3366 1002 3441 difficultates
1020 3393 1100 3464 quae
1119 3363 1429 3442 continuationem

388 3483 545 3557 lectionis
562 3499 597 3556 et
615 3483 855 3582 intelligentiae
871 3485 1143 3582 interrumpam.
1175 3486 1428 3573 annuuax,

322 3597 327 3608 ’
388 3605 498 3674 homo
521 3599 666 3674 minime
691 3627 815 3689 vanus,
838 3602 1005 3698 professus
1028 3601 1077 3676 est
1091 3606 1131 3702 se
1147 3631 1205 3676 uon
1221 3631 1314 3676 terram
1341 3632 1429 3678 men·

389 3721 498 3792 dorion
524 3720 689 3792 chiliadem
715 3722 902 3817 expurgrffe.
957 3723 1036 3818 Ego
1053 3721 1221 3792 affirmare
1246 3721 1343 3792 lraud
1360 3721 1430 3793 du·

388 3833 479 3917 bito,
497 3860 554 3906 me
570 3833 649 3929 post
665 3833 909 3919 anxunxr,
929 3834 1136 3906 Scaruxur
1156 3849 1192 3906 et
1209 3831 1431 3930 reliquorum

389 3971 543 4041 operam,
569 3949 649 4042 plus
676 3950 786 4020 altero
815 3965 916 4020 tanto
939 3963 975 4021 et
999 3950 1277 4046 corruptelarum
1301 3946 1432 4022 l'anasl'e

388 4078 424 4134 et
451 4059 702 4136 difficultatum
731 4061 953 4159 expediviffe.
1008 4065 1049 4136 ln
1082 4063 1255 4136 mutanda
1278 4061 1433 4136 lectione

388 4178 532 4273 vulgata
558 4177 672 4273 legem
699 4176 973 4275 religionemque
1002 4175 1144 4251 Criticae
1173 4177 1310 4251 secutus
1335 4174 1432 4264 sum,

389 4311 428 4365 ut
448 4309 483 4365 et
500 4292 679 4388 vulgatam
697 4307 732 4364 et
751 4291 1001 4366 restituendam
1017 4294 1205 4368 leftioncm
1222 4292 1281 4365 sua
1299 4317 1431 4388 quam·

389 4435 458 4504 clue
477 4406 685 4481 austoritatc
702 4410 931 4504 ponderarenr
955 4429 990 4484 et
1017 4415 1060 4484 ad
1080 4411 1218 4506 justum
1235 4409 1433 4508 probabili·

389 4524 470 4600 tatis
502 4523 644 4600 ccnliun
679 4523 896 4603 aestimarem.
956 4526 1195 4604 Cori-catones
1225 4525 1435 4621 conjectura
