3642 5492
371 649 428 722 cxl
659 647 1121 726 PRAEFATIO.

421 835 544 907 Altera
570 835 723 908 materiae
753 861 830 932 pars
856 835 1059 910 continetur
1085 831 1194 908 Notis
1223 833 1405 908 contextui

371 948 546 1044 subjectis.
600 951 672 1023 Hae
703 952 747 1024 ad
778 951 1076 1026 Emendationem
1108 949 1317 1036 referuntur,
1349 977 1408 1023 nec

371 1063 703 1161 Interpretationem
729 1065 914 1166 attingunt
932 1067 992 1141 nili
1012 1065 1185 1166 quatenus
1208 1067 1253 1140 ad
1278 1069 1410 1140 Emen-

369 1181 551 1255 dationem
574 1180 737 1276 pertinet.
792 1183 906 1282 Igitur
930 1183 1109 1258 versantur
1132 1183 1169 1256 in
1194 1181 1325 1281 triplici
1353 1209 1410 1282 ge·

369 1324 473 1370 nere:
501 1297 630 1393 primo,
656 1298 719 1371 ubi
746 1325 837 1373 nova
855 1299 959 1375 lectio
976 1299 1169 1398 recipitur:
1196 1303 1322 1386 altero,
1349 1299 1411 1374 ubi

369 1411 571 1508 conjectura
587 1413 819 1509 proponitur:
849 1415 968 1502 tertio,
986 1414 1049 1488 ubi
1066 1414 1175 1490 dubia
1193 1415 1242 1488 est
1257 1417 1412 1514 vulgatae

369 1526 560 1601 auctoritas
583 1527 753 1616 lectionis,
780 1544 841 1602 aut
862 1530 928 1603 alia
951 1530 1060 1604 fertur
1084 1555 1185 1628 aeque
1208 1529 1412 1626 probabilis.

371 1647 517 1718 Novam
540 1642 728 1716 lectionem
753 1646 926 1741 nul'quam
956 1645 1069 1744 recepi
1098 1645 1159 1718 nili
1186 1643 1278 1718 latta
1310 1671 1412 1718 men-

370 1761 467 1834 tione
485 1777 520 1834 et
539 1777 734 1836 memorata
746 1764 900 1860 vulgata.
930 1766 996 1837 Sed
1011 1765 1165 1861 vulgata,
1182 1786 1414 1860 quomrum,

370 1877 422 1950 est
452 1877 696 1974 Stephanianae
726 1877 923 1954 Editionis:
959 1882 1003 1952 ad
1030 1877 1172 1976 ejusque
1200 1891 1415 1952 contextum

370 1993 570 2066 referuntur
597 1991 722 2066 nostrae
750 1995 872 2068 Notae.
926 1995 1001 2070 Hie
1028 2014 1101 2068 erat
1129 1991 1264 2067 Aldino
1283 1993 1417 2068 adhoc

372 2109 557 2209 negotium
585 2111 689 2208 longe
716 2111 1043 2185 accommodatior:
1063 2108 1219 2210 -quippe,
1244 2122 1287 2182 ut
1304 2108 1418 2208 magis

370 2227 581 2299 emendatus
607 2252 717 2324 quam
744 2243 950 2301 caeterarum
979 2225 1191 2300 Editionum
1209 2240 1416 2314 contextus,

372 2343 566 2418 maximam
592 2342 855 2443 plurimamque
882 2345 1124 2418 mutationum
1144 2359 1281 2441 partem
1306 2369 1417 2418 occu-

371 2475 516 2557 paverat
535 2487 726 2558 earumque
744 2463 963 2536 notationem
991 2461 1279 2558 supervacaneam
1297 2459 1419 2534 reddi-

372 2577 483 2648 derat.
537 2575 702 2662 Aldinus‚
724 2592 765 2649 ut
785 2579 1073 2664 mendoliffimus,
1092 2575 1290 2673 postulabat
1308 2573 1419 2649 innu-

372 2689 598 2766 merabilium
631 2690 873 2764 mutationum
910 2690 1142 2779 notationem,
1185 2717 1265 2789 quae
1296 2707 1418 2766 totam

372 2802 538 2905 paginam
568 2808 713 2902 repleret
745 2831 785 2879 ae
814 2825 984 2904 perpetua
1014 2805 1189 2878 variarum
1219 2801 1420 2882 lectionum

374 2922 486 3021 segete
499 2919 677 2995 horridam
696 2935 730 2994 et
750 2921 946 3020 legentibus
963 2919 1146 2994 molestam
1164 2919 1303 2995 faceret.
1337 2925 1421 2998 Cae-

373 3053 505 3124 terum,
532 3035 568 3109 in
591 3036 827 3134 Stephaniano
851 3051 1025 3111 contextu
1049 3061 1122 3109 non
1148 3035 1262 3108 solum
1279 3039 1422 3114 attendi

373 3156 419 3227 ad
436 3158 530 3228 locos
544 3169 743 3251 corruptos,
762 3155 818 3227 sed
833 3180 891 3226 eos
909 3153 1015 3227 etiam
1030 3152 1093 3251 qui
1111 3150 1180 3224 lani
1194 3151 1422 3244 viderentur5

374 3268 667 3366 quandoquidem
696 3269 730 3340 in
757 3295 798 3340 eo
824 3267 989 3365 permulti
1012 3269 1091 3341 sunt
1120 3266 1187 3339 loci
1206 3268 1251 3338 ad
1268 3267 1423 3366 speciem

375 3383 443 3456 sani
463 3399 498 3456 ct
516 3382 654 3481 integri,
675 3381 733 3454 sed
751 3382 799 3455 ita
817 3383 1011 3470 constituti,
1039 3398 1079 3456 ut
1099 3381 1219 3480 potius
1236 3385 1423 3460 Sisenn-

377 3525 424 3574 Νι
446 3498 667 3596 aliorumque
686 3501 935 3585 correctorum,
963 3524 1071 3596 quam
1090 3499 1285 3584 Plutarchi,
1311 3499 1423 3598 scrip-

377 3632 456 3688 tura
490 3618 637 3713 legatur.
692 3613 911 3708 Hujul‘modi
947 3640 1002 3686 me
1038 3612 1104 3685 loci
1141 3612 1226 3686 nulli
1268 3615 1424 3689 omnino

377 3729 495 3829 lugere
525 3745 733 3826 potuerunt,
765 3754 879 3826 quum
907 3727 1180 3824 Steplianianam
1211 3727 1424 3806 Editionem

376 3873 462 3918 cum
497 3845 629 3920 Aldina
662 3842 818 3941 aliisque,
851 3857 887 3914 et
921 3868 1003 3916 vero
1037 3841 1198 3940 plurimis
1234 3842 1424 3920 codicibus

377 3962 510 4058 scriptis
539 3962 764 4036 contulerim.
818 3963 947 4058 Neque
976 3987 1059 4036 vero
1095 3960 1259 4034 minimas
1295 3987 1425 4036 omnes

373 4079 574 4166 varietates,
609 4082 740 4178 quibus
768 4083 814 4154 ab
847 4081 977 4155 Aldina
1004 4083 1136 4154 recellit
1167 4081 1426 4178 Stephaniana,

377 4196 507 4270 notavi.
561 4199 690 4295 Neque
718 4198 823 4272 etiam
851 4200 919 4271 hoc
946 4199 1076 4272 neceffe
1104 4213 1177 4272 erat
1206 4198 1240 4270 in
1265 4195 1306 4269 iis
1331 4223 1425 4296 quas

376 4309 426 4382 ita
451 4310 676 4408 probabiliter
698 4311 829 4385 fecillet
856 4314 1111 4396 Srueunaus,
1136 4329 1178 4385 ut
1203 4310 1328 4384 melius
1346 4337 1425 4384 eer-

380 4425 519 4524 tiulque
546 4453 612 4525 ego
639 4427 686 4498 nil
713 4429 890 4512 haberem,
922 4452 1077 4524 eumque
1108 4425 1204 4524 sequi
1239 4426 1423 4500 deberem.

381 4541 432 4615 At
458 4541 579 4614 notavi
604 4539 804 4641 insigniores
830 4567 965 4630 omnes,
994 4557 1028 4618 et
1051 4568 1108 4615 eas
1132 4539 1167 4616 in
1191 4541 1314 4640 primis
1340 4567 1427 4644 quae

311 4987 448 5079 Λ
