3642 5492
369 604 460 686 mu
657 601 1131 687 .PRAEFAT1o

373 795 423 867 ub
456 793 527 891 ipsa
554 808 679 869 natura
709 795 952 872 admirabilem
984 778 1177 894 quamdam
1205 786 1410 868 facultatem

372 928 411 986 et
429 912 634 987 facilitatem
652 914 697 987 ad
712 939 833 988 omnes
847 914 884 988 in
898 913 996 988 omni
1011 911 1176 987 orationis
1192 935 1318 1011 genere
1333 929 1412 1007 per·

372 1029 550 1127 cipiendas
576 1018 815 1128 nota'ndasque
839 1030 967 1105 formas
997 1054 1037 1103 ac
1062 1027 1266 1103 varietates:
1298 1044 1415 1122 neque

372 1159 496 1219 tamen
521 1147 566 1222 de
591 1144 660 1218 istis
689 1144 812 1219 libellis
843 1162 918 1219 tam
946 1170 1025 1219 vere
1047 1143 1246 1241 judicaffet,
1276 1138 1338 1215 nili
1366 1138 1413 1212 ad

371 1263 570 1335 naturalem
593 1258 721 1359 ingenii
746 1262 883 1350 dotem,
909 1275 1116 1337 accuratum
1133 1285 1173 1334 ac
1187 1257 1414 1356 frequentem

372 1376 586 1472 adjunxiffet
606 1367 787 1450 Plutarchi
804 1376 921 1452 usum.

425 1492 485 1566 Ab
515 1492 642 1570 eodem
670 1492 725 1565 vel
753 1489 851 1564 limili
880 1492 1085 1567 Italicorum
1114 1488 1282 1566 codicum
1311 1484 1413 1560 fonte

373 1605 531 1681 manavit
550 1605 721 1681 Colleitio
739 1609 937 1695 Scuorrr,
963 1606 1108 1682 minoris
1126 1606 1184 1679 illa
1201 1602 1352 1703 quidem
1367 1600 1416 1674 ad

372 1723 638 1797 emendandum
654 1723 848 1797 ubertatis:
877 1749 960 1798 nam
985 1743 1021 1798 et
1045 1725 1198 1798 Moralia
1219 1719 1291 1793 sola
1315 1739 1416 1792 com-

372 1840 552 1937 plectitur,
578 1857 613 1914 et
639 1840 676 1914 in
698 1840 886 1915 levioribus
912 1840 1005 1915 vitiis
1022 1840 1197 1915 versatur:
1226 1855 1345 1933 neque
1362 1847 1417 1906 ta·

372 1980 457 2031 men
482 1959 695 2033 ullomodo
725 1959 927 2057 spernenda,
958 1958 1092 2057 quippe
1119 1979 1202 2054 quae
1232 1946 1416 2027 nonnullis

370 2070 459 2146 locis
473 2072 542 2147 sola
557 2100 676 2149 veram
693 2075 880 2149 lectionem
896 2073 1017 2150 servet.
1064 2075 1247 2147 Scuorrr
1270 2063 1418 2141 nomine

372 2212 450 2261 eam
476 2189 741 2286 appellavimus,
770 2216 843 2264 non
867 2192 966 2289 quod
992 2189 1020 2262 is
1048 2212 1126 2263 eam
1149 2200 1213 2260 aut
1234 2177 1417 2283 collegerit

372 2318 436 2375 aut
453 2302 678 2402 descripserit,
704 2306 762 2379 sed
787 2307 887 2405 quod
912 2329 1022 2380 manu
1046 2303 1106 2379 sua
1123 2326 1257 2377 nomen
1273 2297 1346 2398 ipse
1360 2296 1418 2372 sur

271 2477 273 2490 .
371 2440 436 2490 uui
459 2418 549 2492 libro
565 2419 752 2518 adscripsit,
782 2420 887 2519 seque
910 2421 984 2517 ejus
1009 2419 1199 2494 dominum
1223 2418 1291 2492 effe
1309 2413 1417 2515 ligni-

369 2534 503 2609 ficavit.
546 2538 683 2610 Modus
700 2536 778 2610 libri
797 2535 859 2625 est,
875 2536 939 2635 qui
956 2540 1064 2637 vulgo
1082 2533 1226 2622 dicitur,
1244 2529 1413 2608 infolio:

370 2671 595 2754 unaquaeque
619 2651 748 2753 pagina
772 2654 954 2751 aequaliter
983 2680 1004 2727 a
1030 2654 1191 2752 supremo
1222 2650 1268 2723 ad
1299 2647 1417 2723 imum

372 2767 567 2867 marginem
586 2768 726 2843 induas
743 2764 857 2867 partes
879 2774 947 2844 five
963 2770 1144 2843 columnas
1169 2764 1336 2860 distinete
1351 2762 1420 2849 est,

372 2906 526 2980 quarum
556 2882 592 2956 in
619 2885 727 2958 altera
755 2884 836 2960 sunt
860 2884 1026 2959 lectiones
1056 2881 1212 2968 Aldinae,
1244 2881 1281 2953 in
1308 2879 1421 2955 altera

371 3000 578 3072 earumdem
606 2998 858 3074 correctiones:
899 3000 1060 3097 utraeque
1087 2998 1211 3071 eadem
1236 2993 1340 3072 lineae
1365 3019 1420 3067 re·

324 3185 329 3194 ,
370 3113 465 3210 gula.
517 3114 687 3213 Quinque
709 3114 822 3211 prima
846 3113 930 3188 folia
947 3113 1075 3187 mutila
1091 3127 1128 3185 et
1149 3128 1320 3192 truncata,
1334 3107 1416 3183 sunt

371 3228 542 3302 exteriore
559 3230 619 3302 l'ua
635 3245 756 3327 parte3
774 3245 817 3305 ut
830 3229 939 3319 tituli,
956 3229 1144 3332 vetustiore
1160 3254 1270 3303 manu
1283 3224 1419 3325 scripti,

371 3346 628 3418 tantummodo
653 3348 729 3418 haec
757 3347 875 3431 verba,
903 3349 956 3420 his
981 3346 1117 3421 lacunis
1143 3346 1346 3443 interrupta
1363 3343 1420 3419 su·

371 3460 524 3551 perfint:
554 3461 864 3536 Emendationes...
883 3519 891 3536 .
913 3466 1084 3559 Opucula,
1102 3463 1225 3559 Copia.
1245 3520 1253 3536 .
1273 3519 1282 3536 .
1301 3466 1419 3536 lis...

373 3572 450 3644 Car.
469 3576 591 3647 Amulii
603 3602 663 3674 qu.
681 3634 689 3650 .
705 3633 713 3649 .
730 3579 851 3650 Roma.
902 3580 945 3651 ln
961 3593 1059 3674 parte
1077 3576 1241 3651 interiore
1258 3574 1418 3673 ejusdem

370 3686 522 3784 paginae,
556 3688 727 3764 recentior
759 3716 885 3764 manus
920 3694 994 3765 haec
1026 3691 1204 3790 apposuit,
1247 3691 1425 3766 Plutarchi

371 3800 564 3892 Moralium,
592 3809 750 3881 Editionis
780 3811 859 3882 Ald.
883 3813 951 3907 fol.
986 3836 1092 3909 1531.
1145 3814 1234 3913 Qro
1263 3808 1345 3883 sane
1379 3807 1419 3882 in

372 3940 521 3995 numero
538 3925 663 4000 erravit
680 3942 881 4004 annotator.
933 3929 1096 4018 Inferius,
1114 3929 1334 4027 adscriptum
1352 3925 1418 4016 est,

373 4032 430 4107 Ex
462 4036 645 4111 bibliotheca
680 4043 862 4118 Cardinalis
894 4043 1118 4119 Granvellani.
1188 4048 1264 4117 Sum
1307 4045 1418 4118 Andr.

377 4150 497 4223 Schorti
512 4157 681 4253 Antroerp.
733 4162 895 4235 Servatur
920 4160 956 4233 in
973 4160 1192 4260 Bibliotheca
1209 4160 1422 4238 Academiae

374 4263 731 4364 Lugduno-Batavae‚
749 4273 840 4349 inter
855 4275 962 4349 libros
979 4279 1173 4353 Voffianos.
1217 4280 1337 4353 Num.
1358 4301 1421 4378 15.

424 4382 547 4482 Longe
566 4386 703 4482 majoris
720 4391 891 4466 momenti
908 4406 944 4464 et
962 4393 1171 4490 praestantiae
1188 4394 1271 4470 sunt
1290 4392 1425 4469 lectio<

377 4502 437 4571 nes'
466 4502 615 4599 Exempli
639 4502 837 4587 Turneliani.
889 4511 978 4587 Hoc
1004 4511 1150 4590 nomine
1178 4511 1422 4614 significamus
