3642 5492
661 585 1166 696 rnnnnrro(
1333 626 1408 702 nn

372 793 534 866 notulam
548 790 677 889 adjecit
695 793 732 870 in
751 799 958 896 Corffolatione
972 803 1022 874 ad
1035 807 1244 901 Apollonium,
1269 830 1305 904 p.
1329 835 1405 907 113,

372 908 423 995 D,
450 913 487 982 Εἰ
507 913 540 987 ii
562 916 579 983 ὅ
600 915 655 991 nie
677 918 753 1003 ξωνῖς
775 950 847 1012 m„
862 937 893 990 λ.
921 916 1093 1016 adscripta
1115 919 1152 994 in
1175 922 1331 1021 margine
1355 925 1406 1000 est

371 1022 538 1097 cotreffio
567 1025 655 1113 haec,
680 1030 784 1108 Oi'rue
810 1032 895 1127 οἶμαι
917 1037 971 1107 δεῖν
991 1038 1182 1135 γράφεσθαι,
1208 1042 1243 1110 Ei
1265 1046 1293 1112 δὲ
1316 1047 1330 1112 ὅ
1350 1046 1405 1121 vie

370 1138 440 1235 ξυῐς
465 1165 589 1216 ma.
621 1169 687 1219 nec
713 1144 808 1218 enim
837 1150 967 1220 necesse
993 1149 1042 1222 est
1068 1166 1189 1225 totum
1212 1153 1402 1229 exscribere

367 1254 499 1334 locum.
554 1260 690 1336 Eadem
713 1263 820 1334 verba
841 1262 976 1337 exstant
998 1264 1035 1338 in
1057 1266 1237 1341 codicibus
1262 1271 1402 1369 Veneto
1553 1355 1556 1362 ,

369 1385 400 1444 ut
423 1375 607 1464 Voffiano,
633 1376 763 1473 quiex
786 1404 834 1451 xv
857 1377 937 1453 sunt
960 1380 1107 1453 saec'ulo:
1137 1380 1194 1456 sed
1218 1383 1255 1458 in
1280 1386 1401 1465 codice

371 1486 519 1562 Patifino
537 1492 585 1577 E,
608 1491 671 1589 qui
697 1493 794 1567 haud
819 1495 935 1568 multo
959 1494 1038 1591 post
1063 1495 1222 1571 codicem
1245 1504 1281 1573 A
1295 1499 1398 1598 scrip·
1428 1560 1431 1566 .

371 1612 421 1674 tus
438 1602 506 1692 est,
533 1599 679 1680 additur
708 1633 838 1681 nomen
865 1623 899 1682 et
924 1608 1113 1685 auctoritas
1139 1612 1294 1685 Maximi
1321 1615 1399 1688 Pla·

373 1720 481 1808 nudis,
506 1720 707 1805 ita-xeniis
729 1728 890 1819 Μαίξιμθ)
914 1731 928 1798 o‘
953 1728 1107 1806 slhoiriinc
1128 1726 1203 1807 iliu:
1230 1729 1320 1802 οἴεται
1344 1736 1398 1806 δεῖν

374 1835 557 1935 uoluebat,
574 1841 610 1911 Ei
626 1845 656 1913 ii
673 1846 686 1910 i
703 1843 757 1920 fiir
775 1841 850 1935 ζωτῖς
867 1875 897 1914 κ.
908 1874 941 1913 τ.
954 1861 988 1912 λ.

716 2055 925 2110 sinent..
969 2027 1051 2111 x1v.'

418 2184 744 2263 THEODORUS
767 2188 1104 2276 METOCHITA,
1132 2187 1295 2285 inopere
1318 2213 1397 2287 per·

379 2302 488 2390 docto,
513 2307 658 2403 Cupitum
675 2308 949 2405 Miscellaneorum
974 2332 1012 2378 ex
1037 2306 1178 2397 Historia
1201 2324 1233 2378 et
1256 2306 1397 2404 Philoso-

377 2416 452 2511 phia,
472 2418 592 2516 capitis
620 2447 661 2521 71
689 2436 938 2520 argumentum
965 2436 999 2493 et
1022 2418 1284 2518 inscriptionem
1312 2419 1395 2496 secit

379 2533 433 2632 rugi
455 2538 645 2636 Πλκτέςχε.
698 2534 940 2611 Consulendus
967 2534 1018 2608 est
1047 2537 1273 2611 Faunrcws
1302 2536 1394 2611 Bibl.
1423 2521 1426 2526 ⁵

380 2644 478 2723 Grec.
497 2651 568 2722 vol.
583 2649 633 2724 ix.
653 2676 688 2748 p.
703 2654 786 2726 218.

414 2751 639 2839 TH'OMAS
662 2768 939 2842 MAGISTEK
958 2766 996 2842 in
1023 2766 1164 2866 Eclogis
1190 2768 1394 2843 Atticarum

378 2876 513 2967 Votum,
543 2880 787 2978 compluribus
814 2881 850 2955 in
873 2880 958 2955 locis
983 2880 1094 2956 adfert
1120 2881 1300 2957 Plutarchi
1317 2882 1394 2958 dic-

379 2990 483 3083 tiones,
500 3022 547 3069 ex
567 2994 608 3070 iis
624 2997 770 3095 quidem
787 2996 882 3072 libris
899 3023 988 3095 quos
1005 2997 1181 3095 hodieque
1194 2998 1378 3072 habemus.

411 3110 684 3188 MACARIUS
701 3113 1198 3199 CHRYSOCEPHALAS,
1215 3112 1315 3207 cujus
1327 3137 1392 3186 no·

376 3221 472 3302 titiam
489 3228 663 3324 debemus
689 3229 942 3301 V1uuo1souo
970 3225 1007 3299 in
1031 3225 1225 3301 Anecdotis
1245 3224 1391 3314 Graecis,

375 3349 396 3410 t.
410 3337 440 3427 ii,
463 3340 598 3415 librum
615 3340 764 3416 confecit
782 3345 929 3417 ‘Palania
947 3340 1167 3438 inscriptum,
1189 3340 1303 3430 idest,
1322 3347 1390 3417 Ro·

369 3451 449 3549 [ern
463 3458 532 3531 live
551 3460 767 3557 Florilegium,
785 3483 804 3530 e
822 3456 1060 3553 complurium
1078 3455 1211 3554 scriptis
1229 3472 1390 3532 veterum

377 3571 560 3647 uiuorum
579 3574 780 3647 collectum.
833 3576 875 3648 In
896 3572 949 3648 his
966 3571 1016 3647 est
1031 3572 1262 3647 Plutarchus:
1290 3571 1390 3667 cujus

376 3678 428 3756 loci
441 3685 527 3760 item
542 3685 623 3760 sunt
639 3712 685 3762 ex
700 3686 793 3760 libris
808 3685 849 3759 iis
865 3685 928 3783 qui
943 3687 989 3760 ad
1005 3712 1068 3760 nos
1086 3701 1330 3784 pervenerunt,
1348 3712 1389 3764 ac

377 3796 596 3893 significantur
612 3826 649 3897 p.
668 3830 702 3898 9.
755 3799 875 3874 Varias
893 3826 1013 3874 earum
1038 3800 1203 3875 ledioues
1224 3799 1260 3873 in
1283 3824 1390 3897 appa-

378 3927 435 3987 ntu
451 3941 532 3991 meo
549 3917 676 4002 habeo,
706 3931 741 3988 et
767 3914 803 3988 in
826 3913 1068 3990 Annotatione
1086 3914 1387 3993 Emendationutn

379 4024 541 4125 liquoties
559 4030 764 4106 memoravi.

413 4144 748 4221 NICEPHORUS
774 4146 1054 4220 GREGORAS
1072 4142 1108 4216 in
1124 4142 1223 4222 Hist.
1242 4146 1388 4243 Byzant.

380 4254 516 4356 Scriptor.
546 4262 604 4336 ed.
635 4263 761 4338 Venet.
793 4287 829 4357 p.
858 4288 916 4361 15,
942 4263 987 4333 de
1016 4262 1228 4338 Teutonum
1256 4260 1389 4358 origine

383 4364 587 4451 Plutarchum
615 4376 733 4450 laudat
765 4377 959 4459 audorcm,
995 4373 1175 4472 respiciens
1201 4374 1246 4447 ad
1276 4375 1390 4448 Marii

388 4481 480 4565 Vitam.
506 4489 658 4578 Ibidem,
676 4517 711 4592 p.
722 4494 806 4591 560,
824 4491 868 4563 de
885 4491 928 4564 N
928 4517 999 4564 uma
1011 4515 1056 4565 ex
1070 4489 1259 4567 Plutarcho
1274 4488 1386 4586 refert.

842 4631 902 4696 e4
