3642 5492
626 638 1095 721 PRAEFATIO.
1249 650 1388 729 cmix

368 823 475 898 donin
501 823 886 932 typographicorumfle
915 831 1192 908 Graeco-Latina
1219 836 1387 932 repetito·

376 964 448 1014 mn.
490 944 587 1041 Ergo
613 942 849 1041 expurgandis
877 944 948 1017 istis
974 947 1111 1020 mendis
1136 975 1181 1022 ex
1208 953 1389 1027 Moralium

380 1058 521 1155 extmplo,
548 1059 652 1131 simul
677 1057 1002 1134 animadvertebam
1028 1065 1124 1137 locos
1150 1064 1214 1138 ubi
1242 1070 1387 1141 Graeco-

382 1163 475 1248 latina
491 1188 622 1250 temere
639 1199 660 1246 a
676 1174 911 1272 Stephaniana
927 1181 1116 1254 receffiffet.
1164 1182 1248 1275 Jam
1266 1208 1387 1256 exem-

381 1288 453 1383 plum
478 1288 528 1364 ita
559 1303 799 1387 praeparatum
828 1291 964 1388 perrexi
995 1292 1160 1367 instruere
1188 1321 1241 1381 ea,
1276 1322 1387 1394 quam

381 1401 443 1490 dixi,
463 1405 621 1495 ratione;
647 1421 690 1480 ut
707 1405 845 1481 referret
864 1412 959 1506 quasi
978 1435 1104 1507 corpus
1121 1410 1310 1498 Aldinum,
1332 1411 1386 1486 id·

379 1529 429 1615 que
438 1521 630 1620 suppletum
647 1537 682 1595 et
701 1524 932 1596 emendatum
955 1522 1158 1598 melioribus
1176 1524 1387 1600 leetionibus

379 1632 514 1710 libromm
530 1663 617 1711 cum
632 1636 812 1712 editorum
830 1657 910 1712 turn
931 1665 1014 1712 vero
1031 1638 1076 1712 'in
1102 1638 1224 1736 primis
1240 1639 1384 1739 scripto-

379 1775 445 1828 rum.
480 1753 654 1829 Ordinem
672 1753 842 1828 librorum
858 1755 1136 1853 Stephanianum
1153 1754 1294 1844 servavi,
1312 1783 1385 1831 non

380 1883 408 1941 ut
420 1871 540 1946 bonum
557 1872 615 1944 sed
632 1886 675 1945 ut
695 1871 829 1945 Aldino
849 1872 946 1945 haud
970 1873 1179 1946 deteriorem
1206 1889 1241 1945 et
1265 1899 1384 1947 exem·

299 1977 312 1996 ”
379 1985 485 2079 plorum
501 1985 701 2084 frequentia
717 2013 757 2061 ac
776 1987 945 2085 temporis
962 1986 1196 2076 diuturnitate
1210 1988 1254 2060 ad
1268 1990 1386 2087 legen·
1418 2024 1421 2029 ·

378 2094 443 2174 tiun
457 2100 557 2175 usum
575 2103 889 2176 accommodatum
906 2118 942 2175 et
961 2103 1268 2177 commendatum.
1316 2108 1386 2179 Fa·

377 2213 502 2293 cilelane
521 2234 594 2293 erat
618 2244 755 2294 novum
782 2218 947 2293 inducere
972 2217 1133 2292 ordinem
1156 2217 1267 2318 magis
1281 2244 1386 2293 exac-

376 2344 434 2408 tum
455 2338 506 2410 vel
529 2337 575 2410 ad
602 2334 770 2434 temporis
797 2337 852 2409 vel
876 2333 1076 2434 argumenti
1104 2333 1299 2409 rationem:
1328 2335 1387 2409 sed

375 2452 500 2544 prestme
518 2451 716 2527 existimavi
733 2478 817 2527 eum
834 2451 902 2526 alio
920 2455 1000 2527 loco
1012 2450 1232 2550 peculiariter
1249 2467 1386 2541 notare,

375 2589 455 2663 quam
469 2595 554 2646 cum
569 2568 765 2667 legentium
784 2567 942 2642 molestia
963 2567 1113 2665 recipere
1131 2582 1238 2667 atque
1255 2566 1386 2641 consti·

375 2694 455 2759 tuere.
503 2686 642 2760 Eadem
660 2687 777 2762 cauffa
794 2683 882 2758 mihi
907 2681 989 2769 fuit,
1015 2699 1057 2757 ut
1083 2683 1383 2771 Gneo-Latinae,

375 2797 477 2898 quippe
497 2802 617 2875 adhuc
641 2826 662 2871 a
684 2798 799 2873 doelis
823 2798 1029 2872 hominibus
1054 2816 1090 2872 et
1119 2824 1215 2873 nunc
1235 2826 1258 2872 a
1272 2825 1330 2873 me
1346 2799 1384 2873 in

377 2915 539 2992 excitandis
556 2914 858 3016 significandisque
875 2913 1091 2989 Plutarcheis
1115 2914 1200 2989 locis
1219 2914 1384 3014 frequen·

377 3041 447 3120 ate,
468 3033 614 3134 paginas
635 3057 828 3130 earumque
851 3046 976 3129 partes,
1003 3029 1145 3126 adjeetis
1168 3031 1204 3104 in
1227 3030 1385 3130 margine

376 3142 519 3222 lditionis
548 3146 672 3222 nostrae
698 3146 859 3221 interiore
887 3146 1040 3220 numeris
1066 3162 1101 3220 et
1126 3144 1232 3220 literis
1255 3146 1385 3246 fignifi-

377 3281 473 3339 urem.
530 3265 627 3339 Illud
656 3288 740 3337 vero
768 3262 877 3336 etiam
907 3263 952 3335 ad
985 3259 1189 3338 facilitatem
1221 3277 1256 3336 et
1288 3264 1384 3361 quast

377 3372 585 3454 kranentum
600 3377 760 3453 lectionis
775 3380 881 3465 valet,
911 3380 1010 3475 quod
1029 3377 1133 3454 libros
1152 3404 1237 3465 non,
1263 3394 1306 3453 ut
1323 3404 1385 3452 an·
1484 3365 1489 3374 ⁶

378 3499 417 3563 ta
431 3493 462 3569 in
483 3494 618 3571 Graecis
636 3493 804 3592 exemplis
812 3509 935 3581 erant,
961 3520 1032 3567 una
1055 3493 1137 3570 serie
1162 3489 1387 3568 continuavi·

379 3629 444 3697 mus,
456 3611 512 3688 sed
529 3613 566 3686 in
582 3611 750 3687 seetiones
767 3610 1002 3686 distinximus.
1054 3615 1139 3711 Qia
1163 3611 1201 3685 in
1218 3636 1253 3683 re
1270 3633 1386 3707 quum

377 3727 479 3817 ponem
497 3732 679 3804 Verfiones
696 3731 750 3801 vel
764 3729 992 3803 Xrinunnr
1013 3729 1067 3800 vel
1085 3732 1258 3816 Auxorr
1277 3722 1386 3821 sequi,

376 3861 468 3920 meum
484 3864 605 3922 tamen
622 3843 692 3942 ipse
700 3842 878 3939 judicium
894 3843 990 3941 sequi
1004 3841 1125 3916 malui.
1154 3845 1196 3916 In
1210 3839 1387 3914 nonnullis

376 3949 463 4055 ipsum
485 3949 739 4061 argumentum
764 3960 895 4035 rectam
921 3955 1206 4038 distributionem
1228 3955 1388 4029 ostende·

376 4069 431 4162 brt,
445 4078 565 4165 veluti,
584 4093 626 4152 ut
644 4079 713 4152 hoc
730 4092 821 4163 utar,
840 4073 877 4148 in
895 4073 960 4146 illis
978 4074 1120 4151 duobus
1138 4074 1178 4146 de
1194 4075 1386 4171 Repugnan·
1444 4135 1455 4166 χ

373 4193 423 4277 tris,
443 4208 476 4267 et
498 4198 540 4269 de
566 4196 712 4279 Nomio,
738 4193 891 4290 adversus
910 4193 1039 4275 Stoicos,
1066 4203 1101 4262 ct
1124 4186 1196 4262 aliis
1214 4188 1387 4284 pluribus,

374 4301 549 4386 Induobus
565 4309 721 4408 denique
738 4307 894 4382 maxime
910 4305 1140 4404 frequentatis
1156 4308 1197 4379 de
1213 4308 1388 4379 Puerorum

373 4420 547 4501 Educatione
562 4444 597 4502 et
616 4430 657 4502 de
671 4430 810 4528 legendis
827 4429 947 4511 Poeni,
963 4427 1209 4526 pervulgatam
1227 4423 1387 4524 partitio·

370 4559 438 4618 nem
453 4559 590 4620 retinui.
1254 4555 1259 4562 '
