3642 5492
487 658 571 740 xviii
769 652 1231 743 PRAEFA'TIO.

488 847 617 941 Neque
633 843 702 942 ipse
720 845 935 919 Baensrus
960 846 1231 921 anmracus
1252 846 1285 919 se
1301 813 1437 922 santam
1454 842 1520 922 sci·

486 957 619 1032 entiam
636 949 864 1033 consecutum
880 960 947 1031 effe
962 961 1219 1056 profitebatur:
1246 976 1281 1034 et
1299 979 1371 1035 erat
1397 980 1518 1037 tamen

487 1101 558 1146 non
576 1073 686 1148 solum
705 1079 882 1149 Auroro
900 1073 1050 1161 doslior,
1077 1076 1135 1148 sed
1155 1074 1191 1149 in
1207 1075 1408 1152 dosiiffimis
1426 1081 1519 1152 adeo

486 1188 689 1262 hominibus
705 1188 905 1262 censendus.
959 1192 1066 1265 Unus
1088 1189 1177 1264 forte
1199 1193 1400 1286 Josurnus
1418 1193 1518 1266 Sen-

490 1329 626 1390 ranan,
651 1330 760 1402 quem
782 1303 827 1376 ex
849 1302 1027 1391 omnibus,
1054 1304 1118 1402 qui
1133 1304 1212 1402 post
1228 1321 1361 1379 renatas
1380 1304 1517 1380 Literas

486 1417 641 1504 suerunt,
668 1417 767 1492 omni
796 1400 1032 1517 Antiquitatis
1060 1418 1202 1494 scientia
1226 1420 1517 1497 consummatissi-

487 1560 588 1607 mum
604 1532 767 1608 exstitisse
783 1532 931 1620 constat,
956 1557 1029 1607 non
1054 1537 1210 1610 multum
1231 1535 1277 1608 ab
1299 1537 1364 1609 hac
1383 1536 1516 1634 persec-

487 1647 582 1721 tione
599 1647 724 1721 abfuit.
767 1649 835 1722 Sed
852 1673 916 1722 nec
935 1647 1100 1722 saeculum
1116 1653 1402 1750 unumquodque
1418 1657 1516 1727 Sca·

490 1783 675 1835 areanum
700 1762 778 1853 fert,
804 1788 866 1836 nec
888 1762 983 1836 cadit
1006 1765 1074 1836 tale
1097 1762 1277 1861 ingenium
1297 1764 1334 1838 in
1357 1765 1516 1841 nostrum

485 1876 651 1952 saeculum
667 1909 678 1963 ;
705 1880 756 1951 οἶοι
773 1882 819 1952 νῦν
834 1880 938 1978 βροτοί
952 1878 1017 1950 εἶσι.
1061 1877 1252 1951 Enimvero
1268 1882 1323 1952 vel
1339 1880 1517 1954 hodiernis

485 1993 553 2065 suae
570 2008 605 2066 et
622 1991 733 2066 aetatis
749 2008 783 2066 et
800 1991 921 2089 patriae
938 1990 974 2064 in
992 1993 1106 2078 rebus,
1132 2019 1212 2091 quae
1236 2008 1317 2067 ante
1340 1995 1463 2068 oculos
1479 2011 1516 2071 et

485 2107 522 2181 in
538 2124 683 2206 promtu
698 2110 815 2204 posrtae
832 2104 924 2193 sunt,
950 2105 1028 2204 quis
1051 2106 1144 2180 illam
1168 2121 1304 2180 tantam
1320 2107 1435 2183 tenuit
1452 2109 1516 2183 sci-

484 2224 615 2298 entiam
633 2225 647 2296 ?
675 2224 786 2321 igitur
810 2248 853 2294 ne
875 2220 1028 2318 antiquis
1043 2220 1190 2319 quidem
1208 2221 1244 2294 in
1260 2223 1364 2297 rebus
1377 2237 1414 2296 et
1429 2247 1515 2322 cog·

486 2340 564 2411 nitu
590 2338 630 2410 iis
655 2335 878 2421 difficillimis,
904 2335 1066 2434 exigatur
1080 2337 1127 2409 ab
1145 2335 1341 2433 interprete.
1393 2339 1515 2412 Valeat

486 2451 585 2537 illud,
621 2453 675 2542 Est
705 2453 834 2549 quodam
858 2452 989 2547 prodire
1018 2469 1117 2536 tenus,
1140 2453 1177 2543 fi
1201 2480 1259 2526 non
1288 2455 1386 2525 datur
1413 2458 1513 2528 ultra.

485 2569 629 2643 Habeat
647 2563 812 2659 interpres
828 2589 905 2636 eam
922 2563 1131 2649 destrinam,
1157 2592 1229 2662 qua
1253 2566 1417 2640 mendosa
1432 2565 1514 2665 qui·

484 2682 566 2752 dem
590 2681 635 2752 ab
652 2677 793 2775 integris
809 2676 942 2773 semper
956 2675 1149 2774 dignoscat,
1166 2678 1253 2777 saepe
1269 2680 1376 2754 etiam
1392 2704 1514 2754 emen·

481 2800 567 2870 tlet:
596 2792 754 2879 obscura,
781 2791 840 2866 nisr
863 2790 1003 2888 penitus
1026 2791 1182 2878 illustret,
1208 2810 1327 2868 tamen
1346 2795 1514 2867 lraslenus

483 2910 683 3010 patefaciat,
708 2925 749 2981 ut
773 2908 924 3005 legentes
945 2904 983 2978 in
1005 2904 1147 3004 vestigio
1163 2922 1287 3003 ponat,
1312 2931 1385 3004 quo
1400 2908 1515 3004 perse·

483 3027 627 3126 quendo
649 3022 819 3120 reliquam
839 3019 1089 3093 obscuritatem
1112 3019 1172 3117 ipfi
1197 3020 1406 3119 dispellant:
1431 3046 1514 3097 om·

484 3144 569 3218 nino
586 3144 625 3214 srt
644 3139 684 3226 is,
710 3137 773 3236 qui
797 3150 918 3234 regnet
941 3134 979 3209 in
1003 3135 1061 3208 illa
1077 3134 1241 3209 editionis
1257 3140 1352 3233 quast
1368 3136 1513 3233 provin·

482 3259 548 3345 eia,
576 3272 616 3330 ut
641 3252 815 3327 neminem
834 3251 962 3324 habeat
984 3248 1021 3323 in
1042 3275 1084 3323 ea
1103 3249 1313 3346 superiorem
1329 3275 1373 3326 ex
1391 3249 1433 3323 iis
1447 3253 1515 3350 qui

484 3399 578 3447 nune
595 3391 712 3443 aesum
728 3379 837 3465 agunt
854 3363 1080 3454 hominibus3
1105 3390 1209 3438 nemo
1226 3363 1300 3461 ipso
1315 3365 1513 3444 Audlorem

484 3486 592 3585 magis
609 3482 806 3581 cognitum,
822 3482 1026 3566 tractatum,
1045 3477 1263 3575 perspeslunr
1280 3480 1431 3566 habeat;
1448 3506 1513 3554 ne·

484 3628 544 3675 mo
562 3617 635 3675 tam
650 3598 778 3669 doetus
803 3597 842 3668 srt
866 3591 955 3692 quin
978 3592 1145 3690 exipsius
1162 3592 1327 3667 Editione
1343 3596 1513 3690 prolicere

481 3717 597 3814 possit.
648 3715 733 3810 Qro
749 3707 893 3807 quidem
917 3708 1028 3805 gradu
1052 3731 1201 3780 menon
1225 3709 1305 3795 else,
1331 3708 1402 3806 ipse
1420 3709 1513 3785 mihi

482 3830 560 3904 sum
579 3825 686 3900 testis.
731 3819 982 3897 Doctrinarum
999 3821 1109 3894 modo
1125 3839 1412 3911 memoratarum,
1428 3823 1514 3900 alias

482 3967 526 4016 ne
549 3938 650 4036 attigi
674 3936 832 4034 quidem,
854 3933 935 4008 alias
960 3933 1081 4010 leviter
1102 3935 1295 4034 degustavi,
1314 3961 1512 4034 paucarum

481 4050 707 4155 probabiliter
734 4048 893 4146 peritus,
924 4056 961 4121 in
986 4049 1151 4123 omnibus
1175 4050 1263 4125 infra
1286 4055 1511 4131 voluntatem

389 4221 393 4228 -
482 4168 550 4267 ipse
572 4188 687 4238 meam
711 4177 746 4234 et
769 4165 921 4237 modum
942 4163 1028 4237 boni
1044 4163 1197 4239 editoris.
1249 4165 1409 4244 Ulterius
1424 4193 1510 4266 pro·

480 4279 577 4381 gredi
594 4276 678 4350 mihi
697 4277 825 4357 dattlnr
840 4299 913 4349 non
935 4277 1014 4363 effe,
1040 4277 1112 4352 sero
1134 4280 1274 4378 agnovi.
1325 4281 1395 4358 Sed
1418 4285 1512 4384 quid

481 4393 654 4471 timerem?
681 4395 740 4468 An
758 4405 878 4464 totum
894 4389 1058 4465 editionis
1083 4394 1267 4493 negotium
1291 4398 1509 4495 abjicerem?

483 4510 633 4592 Multos,
659 4527 704 4579 ex
731 4503 774 4578 iis
795 4503 858 4602 qui
884 4529 979 4580 nunc
1002 4504 1140 4596 vivunt,
1166 4510 1322 4589 eruditos
1347 4513 1511 4592 homines
