3642 5492
276 603 278 608 '
371 663 494 741 lxxviii
652 661 744 736 PR
768 660 819 734 AE
845 659 875 732 F
900 660 936 731 A
961 656 998 730 T
1023 654 1114 780 1¹0.

370 852 450 924 Nos
469 861 583 922 totam
599 845 689 919 hanc
710 843 891 918 materiam
909 842 960 916 ita
981 835 1249 937 explicabimus,
1267 862 1341 912 non
1356 848 1417 918 ut,

370 990 448 1037 eam
464 959 622 1035 bifariam
638 958 899 1045 distribuamus,
925 957 983 1031 sed
999 971 1041 1029 ut
1060 956 1208 1054 lingulas
1227 952 1301 1051 ejus
1317 979 1398 1052 par·

372 1094 424 1151 tes
439 1102 513 1152 uno
532 1092 733 1176 temporum
749 1075 870 1151 ordine
887 1074 1144 1173 persequamur.

836 1323 868 1412 §.
901 1341 931 1389 1.

618 1466 668 1531 De
683 1465 789 1530 Aldina
805 1465 949 1531 Editirne.
992 1468 1144 1550 A.1509.

422 1634 573 1722 Primus,
603 1636 682 1732 post
707 1651 841 1709 renatas
864 1634 1013 1723 Literas,
1040 1633 1196 1707 universa
1218 1630 1402 1707 Plutarchi

371 1749 489 1844 Opera
514 1747 624 1822 edidit
656 1752 792 1829 Arnus
822 1748 1057 1822 Mnuurrus
1085 1745 1270 1835 Venetiis3
1306 1771 1404 1819 anno

371 1860 518 1967 quidem
543 1886 635 1959 1509
659 1862 819 1947 Muralia,
849 1863 941 1934 Vitas
962 1886 1065 1958 1519.
1116 1862 1185 1933 Sed
1209 1861 1253 1933 de
1278 1860 1406 1933 tura-

372 1978 452 2048 libus
482 2002 577 2049 nunc
600 1971 748 2073 agimus.
800 1974 947 2049 Titulus
977 1974 1014 2047 in
1041 1957 1157 2049 fronte
1183 1973 1240 2048 hic
1262 1973 1403 2048 exstat:

373 2096 618 2168 Prurnncrrr
645 2096 868 2167 Oruscusu
897 2117 1100 2166 Lxxxxrr.
1154 2092 1254 2164 ludex
1278 2091 1403 2166 tura-

369 2213 444 2283 lium
468 2214 610 2297 omnium,
636 2229 666 2283 et
689 2236 790 2283 eorum
807 2238 876 2309 quae
901 2214 934 2283 iu
958 2212 1027 2307 ipstr
1050 2217 1240 2295 tradantur,
1264 2207 1401 2278 habetur·

369 2325 426 2397 hoc
452 2330 656 2425 quaternione.
708 2328 865 2401 Numerus
887 2344 990 2398 autem
1017 2326 1240 2398 Arithmeticus
1263 2325 1402 2396 remittit

371 2446 512 2515 tectorem
534 2444 582 2514 ad
597 2446 838 2541 seuupagiuam,
866 2442 921 2513 ubi
943 2422 1123 2513 trallautur
1158 2444 1282 2537 iugula:
1328 2437 1403 2510 Eo·

373 2556 455 2627 dem
485 2554 583 2643 folio,
610 2553 772 2653 proxima
796 2554 933 2654 pagina,
962 2555 1011 2629 est
1037 2554 1193 2653 praefatio
1218 2560 1327 2628 Asnr
1356 2555 1403 2628 ad

373 2673 569 2765 Jaconuu
601 2679 920 2760 Aurrwunruu
951 2674 1226 2759 Perusinum
1265 2697 1339 2771 qua
1368 2672 1404 2745 in

373 2785 575 2883 praefatione
604 2789 699 2861 nulla
725 2788 766 2861 fit
795 2786 928 2861 mentio
953 2790 997 2860 de
1020 2788 1178 2862 fontibus
1201 2802 1237 2862 et
1261 2789 1406 2863 consilio

372 2901 476 2995 hujus
507 2900 691 2977 Editionis.
753 2901 920 2999 Sequitur
949 2918 1096 2991 ΠΙΝΑΞ,
1128 2903 1164 2975 id
1194 2903 1256 2991 est,
1290 2903 1404 2978 Index

374 3016 406 3086 G
413 3040 519 3088 raecus
536 3007 727 3101 Moralium,
753 3014 849 3112 isque
875 3017 953 3089 sane
976 3018 1100 3113 plenus
1117 3042 1157 3091 ac
1175 3017 1335 3102 refertus,
1360 3032 1402 3091 ut

372 3128 435 3225 qui
461 3156 533 3202 non
556 3132 665 3205 modo
691 3134 905 3229 fingulorum
934 3130 1117 3218 librorum,
1143 3131 1201 3203 sed
1223 3131 1406 3204 minorum

372 3245 492 3333 etiam,
519 3247 648 3343 quibus
673 3247 752 3320 libri
782 3248 953 3333 constant,
984 3246 1138 3343 partium
1166 3260 1202 3321 et
1230 3246 1404 3344 capitum,

376 3358 496 3431 titulos
522 3360 697 3434 exhibeat.
753 3361 853 3435 Idem
869 3360 918 3432 est
934 3364 1029 3450 Πίναξ
1047 3359 1082 3432 in
1098 3359 1280 3434 codicibus
1297 3358 1403 3458 scrip·

374 3474 417 3547 tis
433 3473 562 3571 quibus
579 3472 749 3546 Universa
762 3474 942 3547 Plutarchi
956 3498 1061 3570 opera
1075 3474 1314 3561 continentur,
1331 3477 1404 3549 vel·

374 3590 427 3663 uti
446 3595 480 3667 tt
496 3605 530 3664 et
548 3591 602 3663 E:
630 3588 686 3662 sed
711 3588 778 3662 alio
797 3587 930 3663 ordine.
982 3592 1060 3662 Nec
1082 3588 1182 3662 facile
1201 3589 1332 3678 dicam,
1359 3617 1405 3665 an

372 3708 458 3778 ordo
476 3705 625 3808 Aldinus
642 3703 849 3780 auctoritate
868 3704 999 3779 codicis
1024 3704 1139 3805 scripti
1157 3706 1301 3783 nitatur.
1355 3709 1405 3783 Il·

371 3820 433 3891 lud
457 3822 625 3902 affirmare
648 3820 742 3894 haud
766 3817 930 3892 dubitem
954 3817 1090 3892 codices
1116 3816 1261 3916 scriptos
1277 3819 1405 3908 alium,

374 3959 451 4004 nec
464 3958 584 4007 omnes
609 3935 760 4007 eundem
786 3933 874 4006 inter
898 3933 930 4006 se
951 3934 1077 4006 habere
1097 3932 1270 4022 ordinem,
1289 3960 1407 4033 neque

372 4050 486 4121 ullum
504 4074 626 4122 eorum
648 4050 709 4146 qui
733 4050 837 4124 hodie
863 4049 899 4124 in
923 4050 1018 4123 libris
1044 4048 1176 4147 scriptis
1192 4049 1336 4125 editisve
1354 4050 1406 4124 fe·

372 4180 499 4235 runtur
515 4161 678 4236 ordinum
692 4166 756 4236 elle
770 4191 813 4237 ex
827 4164 973 4262 antiqua
985 4182 1099 4253 aetate,
1118 4169 1251 4242 nedum
1268 4169 1313 4242 ab
1329 4167 1405 4266 ipso

372 4277 574 4348 Plutarcho.
626 4277 721 4366 Πίναξ
738 4274 795 4349 hic
812 4276 925 4350 faetus
947 4280 1012 4350 effe
1035 4278 1176 4354 videtur
1190 4282 1317 4357 saeculo
1334 4279 1406 4354 fere

375 4390 424 4463 xii
435 4393 510 4485 jam
527 4389 669 4488 perditis
688 4391 867 4466 Plutarchi
884 4391 1017 4504 scriptis
1035 4393 1194 4491 plurimis
1208 4410 1244 4471 et
1257 4398 1300 4491 ad
1313 4397 1406 4477 hanc

375 4506 589 4604 paucitatem
615 4506 785 4596 redarum
822 4509 1001 4606 superstite
1025 4526 1145 4585 tamen
1166 4512 1283 4588 adhuc
1305 4526 1407 4626 parte
