3642 5492
369 648 484 738 xxxvi
654 651 746 730 P'R
770 651 822 736 ΛΕ
847 654 878 734 F
903 657 942 734 A
965 655 1002 734 T
1027 640 1117 727 105

369 832 426 907 alii
455 832 669 933 Philosophi,
702 834 788 914 item
816 835 1044 936 legislatores
1075 850 1111 914 et
1143 831 1401 933 jurisconsulti.

371 949 498 1025 Caeteri
515 949 564 1024 ita
576 952 622 1028 ad
635 977 698 1027 nos
710 971 895 1054 venerunt,
911 970 954 1030 ut
972 979 1046 1053 quo
1059 951 1405 1052 itinere-quibusque·

371 1066 651 1150 conversionibus
677 1071 853 1166 per-hanc
878 1069 1030 1167 priorem
1053 1082 1196 1146 aetatcm
1218 1066 1406 1167 propagati

370 1198 405 1255 et
424 1181 546 1258 servati
562 1181 705 1272 suerint,
731 1183 921 1283 ignoretur.
972 1187 1019 1260 Et
1045 1184 1124 1260 sane
1148 1186 1193 1258 de
1210 1185 1406 1260 Plutarcho

371 1322 484 1395 pauca
510 1298 582 1376 dici
604 1300 758 1397 poliunt.
809 1302 889 1376 Nec
913 1315 1034 1375 tamen
1056 1298 1189 1374 idcirco
1209 1325 1284 1373 non
1305 1324 1405 1398 quae·

371 1415 521 1490 rendum
539 1413 658 1513 qualia
676 1418 741 1491 sint
758 1418 833 1492 haec
849 1440 961 1513 pauca
972 1440 1072 1503 3‘nec
1088 1415 1408 1502 committendum,

371 1549 414 1604 ut
432 1546 529 1605 totus
553 1530 611 1608 hic
635 1532 734 1606 locus
758 1557 889 1607 vacuus
906 1531 1135 1630 relinquatur,
1153 1534 1176 1606 si
1199 1532 1247 1604 ad
1266 1530 1408 1625 justum

372 1643 539 1719 Historiae
571 1644 709 1726 Criticae
738 1648 888 1720 modum
914 1646 1044 1744 expleri
1078 1645 1216 1745 nequit,
1247 1645 1308 1719 sod
1332 1644 1404 1720 sere

372 1758 524 1833 consistit
543 1760 635 1834 intra
651 1763 737 1840 fines
754 1759 882 1836 Indicis
898 1762 1118 1860 Scriptorum
1135 1760 1197 1860 qui
1223 1759 1406 1844 Plutarchi

372 1874 526 1973 aliquam
559 1875 731 1977 ratipiiem
760 1879 972 1952 habuerunt.
1024 1879 1148 1958 Habet
1177 1888 1299 1956 autem
1327 1861 1407 1952 haec

373 1990 536 2064 tractatio
555 2008 632 2070 tres
658 1992 701 2068 in·
721 1990 842 2090 primis
866 1991 1105 2068 difficultates.
1135 1991 1348 2082 ‚Primaest
1371 1989 1409 2067 in

373 2107 575 2207 colligendis
603 2108 821 2206 Scriptorum
847 2105 932 2182 locis
958 2135 1004 2182 ex
1033 2107 1279 2183 innumerabili
1304 2110 1409 2181 volu-

374 2224 513 2297 minum
529 2227 622 2297 mole
648 2240 683 2298 et
708 2223 937 2297 multitudine
953 2256 965 2312 ;
990 2240 1033 2297 ut
1050 2248 1168 2297 verear
1183 2248 1226 2296 ne
1243 2224 1411 2323 complu·

374 2365 426 2412 res
452 2365 508 2411 me
533 2338 686 2437 fugerint
708 2356 744 2413 et
764 2338 932 2412 latuerint
949 2335 1029 2413 loci.
1081 2336 1281 2426 Alteram,
1308 2337 1412 2436 quod

374 2456 418 2526 de
435 2454 611 2534 nonnullis
628 2454 712 2527 locis
730 2480 804 2527 non
821 2469 918 2529 certo
937 2451 1084 2540 constat,
1110 2455 1222 2554 sintne
1246 2453 1291 2526 ab
1314 2450 1412 2550 ipsis,

375 2587 529 2665 quorum
548 2566 691 2642 nomine
708 2567 880 2655 feruntur,
907 2567 1143 2666 Scriptoribus
1160 2556 1306 2665 proditi,
1326 2593 1374 2641 an
1390 2593 1412 2642 a

374 2683 621 2784 posterioribus
636 2682 761 2758 additi.
813 2683 936 2758 Tertia
951 2685 1013 2773 est,
1038 2683 1138 2782 quod-
1154 2684 1412 2759 nonnullorum

375 2816 458 2924 eptas
474 2798 692 2898 Scriptorum
710 2802 819 2887 latet3
846 2818 887 2875 ut
905 2826 964 2876 eos
982 2826 1053 2876 non
1070 2812 1166 2872 certo
1183 2821 1225 2873 ac
1249 2797 1325 2885 suo,
1352 2799 1415 2876 sed

376 2914 548 2991 verisimili
579 2929 616 2989 et
645 2913 765 3020 aliquo
787 2913 915 2990 ¹saltem
944 2916 1024 2989 loco
1051 2937 1181 3012 ponere
1214 2912 1417 3014 debuerim..

377 3033 491 3131 Igitur
506 3035 595 3107 hanc
613 3025 858 3106 tractationem
877 3056 950 3106 non
971 3048 1014 3105 ut
1033 3021 1308 3138 justam'ac'suis
1325 3029 1424 3106 locis·

376 3148 572 3224 absolutam
587 3147 810 3234 exhibemus,
837 3148 893 3222 sed
911 3163 955 3221 ut
977 3145 1225 3221 adumbratam
1243 3147 1282 3220 e‘t'
1296 3164 1415 3222 extre·

377 3263 444 3339 mis
460 3262 557 3338 lineis
573 3265 810 3363 designatam:
838 3288 949 3361 quam
972 3259 1162 3361 aliquando
1185 3261 1316 3359 posteri
1336 3260 1416 3338 edi-

378 3394 470 3455 tores
492 3381 539 3470 pd
565 3378 750 3458 certiorem
766 3379 1030 3477 plenioremque
1047 3379 1198 3454 sormam
1207 3379 1413 3478 suppleant.

379 3498 490 3582 Nunc
518 3493 666 3591 quidem
693 3520 733 3568 ea
762 3495 922 3570 contenti
950 3498 1081 3583 fimus3
1116 3495 1416 3594 quandoquidem

379 3614 480 3686 simul
496 3607 610 3684 vicem
626 3609 714 3709 gerit
731 3608 901 3704 ejusmodi
918 3610 1042 3708 capitis
1057 3612 1158 3709 quod
1172 3610 1321 3688 editores
1339 3611 1423 3715 Tes-

378 3732 509 3801 limonia
528 3727 569 3800 de
585 3729 721 3800 Amore
738 3724 930 3811 nominare,
952 3751 1069 3824 eoque
1083 3725 1148 3801 sub
1166 3724 1272 3802 titulo
1289 3725 1417 3824 praesa·

381 3842 539 3916 tionibus
556 3840 722 3937 subjicere
744 3839 866 3924 solent.
918 3833 1112 3930 Caeterum,
1136 3840 1330 3938 Scriptores
1354 3867 1421 3939 per

381 3960 515 4034 Saecula
536 3956 757 4056 digeremus:
784 3957 880 4032 locos
904 3984 925 4032 e
949 3957 1090 4055 perditis
1116 3953 1298 4033 Plutarchi
1319 3955 1420 4032 libris

383 4073 440 4147 hic
458 4073 565 4146 verbo
584 4072 799 4161 notabimus,
824 4075 925 4170 plene
950 4099 991 4148 ac
1015 4072 1138 4148 diserte
1155 4071 1193 4148 iii
1211 4072 1427 4172 Fragmentii.

383 4209 614 4288 apponemus.

768 4305 835 4361 ΒΕ
847 4305 870 4358 C
882 4305 907 4358 U
919 4305 954 4358 L.
988 4304 1030 4360 11.

433 4424 641 4499 Plutarchus
660 4421 784 4497 saeciilo
799 4440 902 4497 natus
919 4422 1038 4498 medio
1059 4424 1130 4499 sere
1154 4423 1285 4523 primo,
1310 4422 1417 4500 same

384 4539 628 4655 uraturitatem
642 4539 767 4621 babuit
782 4563 824 4616 ac
841 4539 964 4616 floruit
979 4538 1124 4626 ineunte
1140 4539 1307 4620 secundo.
1347 4536 1418 4615 Co
