3642 5492
528 657 812 732 EDITIONUM,
831 660 1115 736 VERSIONUM,
1136 669 1187 726 lte.
1317 669 1377 732 eiiii

447 829 521 907 lgnis
533 828 646 967 Ϋῗηὲιῖε.
661 827 760 885 hond.
774 826 832 884 Pol.
847 825 969 906 RodoIpb.
985 826 1163 887 collorum.
1183 827 1256 886 Vide
1266 828 1377 892 l'raefat.

448 932 474 968 ca
494 912 551 968 ‚iii.
576 931 591 967 e
622 910 748 982 .ii.§.4.

357 1003 359 1014 '
399 1008 422 1063 3.
449 933 547 1050 lnidita
561 1001 661 1049 antea:
684 988 848 1047 Ledionum
863 988 990 1065 Jannotii
1010 1009 1042 1046 ac
1060 989 1174 1048 Leonici
1188 993 1332 1050 annotatio
1347 993 1378 1052 in

466 1174 513 1210 one
563 1172 611 1209 ure
625 1171 698 1209 rana.
755 1170 771 1205 x
844 1171 853 1206 r
920 1172 928 1207 r
959 1170 986 1207 ιο
1048 1170 1065 1206 a
1112 1170 1144 1208 ca
1178 1171 1243 1209 mire
1287 1174 1304 1209 u
1344 1175 1377 1210 u-

447 1235 603 1291 uoBatavae
616 1233 689 1289 inter
701 1230 784 1287 libros
796 1229 948 1287 Voffianos.
979 1229 1203 1306 Significavirnus
1219 1235 1268 1290 has
1282 1173 1378 1292 ledtio-

447 1333 487 1370 nes
499 1315 567 1374 item
581 1313 656 1370 notis
669 1309 779 1385 Jnnnot.
793 1321 822 1367 et
836 1312 935 1370 Lronic.
959 1312 1026 1368 Vid.
1041 1311 1151 1368 Praefnt.
1166 1313 1277 1371 ibidem.

399 1410 420 1464 4.
448 1393 575 1452 Colledlio
589 1393 704 1458 schotti,
719 1392 786 1448 item
802 1393 924 1448 inedita:
947 1392 980 1448 de
994 1411 1051 1469 qua
1064 1392 1166 1450 ibidem
1180 1394 1313 1454 diximus.

399 1489 420 1549 5.
447 1475 573 1533 Colledtio
586 1493 672 1550 quarn
687 1461 889 1548 appellavimus
902 1475 1026 1546 Annam.
1039 1473 1184 1530 continens
1193 1473 1294 1532 Varias
1308 1475 1378 1534 Lec-

447 1557 525 1613 tiones
542 1565 570 1613 et
588 1553 803 1612 Emendationes
822 1554 911 1628 ignoti
932 1553 1045 1630 quidem
1064 1551 1108 1620 sed
1126 1553 1226 1611 eruditi
1245 1557 1378 1624 hominis,

448 1635 552 1713 scriptas
579 1635 609 1692 in
637 1635 769 1710 Margine
795 1633 934 1690 Editionis
960 1634 1133 1692 Basdeensrs:
1167 1635 1234 1693 item
1262 1637 1376 1696 inedita.

447 1717 503 1774 Vrd.
518 1715 629 1774 Prasat.
645 1716 758 1772 ibidem.
1171 1721 1174 1726 '

399 1792 420 1853 6.
446 1797 530 1855 Varia.
545 1795 690 1853 Ledtiones
704 1806 731 1852 et
745 1794 960 1852 Emendationes
977 1795 1013 1852 ab
1032 1794 1179 1854 Hadriano
1192 1795 1279 1874 Junio
1292 1796 1377 1876 scrip·

447 1886 485 1935 te.
511 1878 586 1935 Vide
599 1875 710 1934 Praelat.
727 1876 837 1932 ibidem.
860 1876 984 1932 Ineditae.

402 1964 421 2029 7·
448 1957 551 2016 bacheti
578 1958 613 2014 de
634 1957 768 2014 Meziriac
790 1957 952 2033 exemplum
975 1956 1103 2013 editionis
1127 1956 1324 2034 Stephanianae
1347 1960 1378 2016 in

447 2037 516 2115 eujus
528 2039 656 2114 margine
669 2036 776 2113 scriptae
790 2036 853 2093 sunt
867 2037 902 2093 ab
916 2036 1011 2093 eodem
1024 2037 1146 2094 Bacheto
1159 2037 1337 2096 conedliones
1350 2051 1379 2096 et

409 2157 414 2170 ·
446 2119 531 2178 Variae
544 2119 692 2177 led'tiones:
716 2118 783 2174 item
797 2117 918 2175 ineditae.
938 2117 1010 2174 Vide
1024 2114 1134 2175 Praesat.
1147 2137 1210 2195 cap.
1219 2118 1260 2176 iii.
1274 2117 1338 2178 sedt.
1348 2120 1379 2178 ii.

464 2219 525 2259 .10.

401 2272 421 2335 8.
447 2204 608 2357 llxemplum
622 2276 778 2346 Bafileense,
791 2298 857 2336 cum
871 2275 979 2354 scriptis
993 2278 1022 2335 in
1037 2278 1164 2356 margine
1174 2279 1248 2338 notis
1258 2278 1378 2339 fratrum

447 2361 634 2428 Canterorurn,
650 2359 745 2417 Caroli
759 2378 792 2416 ac
804 2360 953 2418 Theodori.
984 2360 1018 2417 In
1032 2360 1205 2418 Bibliotheca
1217 2362 1379 2420 Aoademiae

447 2441 616 2500 Tra‘efflnae.

402 2533 422 2595 9·
448 2464 610 2600 Exeinplum
629 2521 768 2583 Aldinum
785 2519 831 2577 cui
849 2519 992 2577 Adrianus
1005 2521 1152 2578 Turnebus
1169 2531 1197 2580 et
1215 2522 1263 2580 alii
1277 2523 1379 2581 Varias
1440 2557 1453 2574 -

449 2602 584 2661 ledtiones
606 2611 635 2660 et
657 2602 872 2659 Emendationes
895 2600 1103 2677 adscripserunt.
1144 2602 1289 2661 Lediiones
1315 2605 1380 2662 illas

447 2682 763 2758 Tumebiani'exempli,
787 2691 820 2737 ut
843 2683 878 2737 ab
898 2682 979 2738 editis
999 2682 1203 2759 distinguerem,
1228 2683 1380 2761 significavi

377 2830 382 2844 ,
449 2775 506 2822 uota
517 2762 635 2842 Exempl.
652 2760 761 2821 Turneb.
781 2762 853 2819 Vide
867 2761 977 2820 Praefat.
991 2782 1052 2838 cap.
1063 2763 1102 2820 iii.
1116 2762 1179 2822 sedt.
1189 2765 1219 2822 ii.
1234 2771 1260 2838 b.
1269 2785 1298 2840 4.

392 2853 424 2900 ιο.
449 2842 472 2920 J.
482 2845 507 2922 J
520 2844 626 2904 Reissrii
639 2843 905 2905 Animadversroues.
930 2843 997 2904 Vid.
1012 2842 1122 2902 Praefat.
1140 2844 1252 2923 eap.iii.
1272 2845 1336 2906 sedt.
1349 2844 1380 2906 ii.

452 2929 473 2998 1.
489 2944 531 2985 11.

307 3149 310 3170 “
391 3125 540 3222 versones,
566 3162 648 3247 quae
675 3135 820 3234 quidem
847 3137 892 3208 ad
918 3135 1093 3211 Criticum
1117 3135 1220 3210 usum
1245 3133 1379 3232 aliquid

476 3249 624 3310 matenae
641 3238 831 3332 praebeant,
851 3237 1071 3335 Univerforum
1086 3238 1262 3310 Moralium
1280 3234 1379 3346 Ope-

478 3357 566 3421 rum,
599 3360 671 3407 non
696 3333 757 3407 nisr
784 3335 864 3407 duae
890 3334 1051 3408 exstant:
1088 3337 1205 3421 altera,
1232 3335 1378 3421 Gallica,

478 3437 626 3530 Ansoti:
661 3435 768 3506 altera
796 3437 959 3529 Xylandri
991 3434 1132 3520 Latina,
1165 3457 1275 3530 quam
1300 3459 1376 3506 cor-

477 3533 604 3605 retlam
630 3557 651 3603 a
675 3531 776 3605 nobis
802 3531 961 3605 Editioni
990 3533 1112 3608 nostrae
1139 3531 1375 3627 adjunximus.

478 3629 661 3707 Rafileensrs
688 3631 827 3717 Latina,
862 3656 934 3704 non
961 3630 1092 3707 inutilis
1125 3632 1170 3704 ad
1195 3630 1377 3716 Criticanr‚

476 3754 546 3802 non
572 3732 719 3827 umbersn
743 3732 903 3817 Moralin,
930 3731 985 3804 led
1003 3759 1065 3830 43,
1091 3757 1111 3802 a
1136 3729 1273 3801 diversrs
1300 3730 1377 3801 red-

460 3825 546 3900 ·dita
570 3827 817 3926 interpretibus
841 3829 1022 3904 continet:
1058 3853 1147 3927 quos
1176 3828 1222 3900 ad
1246 3853 1378 3902 unum·

474 3949 651 4025 quemque
668 3927 799 4000 librum
818 3927 1090 4000 nominabimus.

368 4036 450 4116 Igitur
467 4041 583 4102 Cruserii
610 4044 714 4101 Latina
734 4043 870 4111 Verfione,
899 4046 974 4102 haud
1000 4063 1072 4121 aegre
1098 4043 1184 4102 carui.
1225 4044 1379 4116 Noriffima

472 4125 579 4182 Gallica
598 4122 704 4183 Ricardi
721 4124 762 4181 nil
783 4124 878 4181 attulit
898 4128 934 4183 ad
955 4126 1158 4184 emendandum
1178 4124 1294 4196 subsidii,
1316 4128 1380 4183 licet

471 4206 556 4262 editor
571 4205 600 4262 in
615 4205 778 4282 praefatione
792 4204 817 4261 se
829 4207 935 4262 codices
949 4206 1062 4283 scriptos
1075 4206 1236 4264 consuluisse
1250 4206 1379 4284 profitea-

471 4297 525 4344 tur.
551 4287 667 4345 Titulus
687 4286 733 4341 hic
751 4286 797 4353 est,
822 4287 935 4343 Ontvros
949 4287 1105 4345 Moralesde
1118 4287 1268 4364 Plutorque,
1287 4286 1379 4344 trada-

470 4367 516 4423 itcs
531 4385 561 4423 en
579 4365 708 4441 Franfor's,
726 4382 778 4444 par
798 4365 855 4425 Mr.
873 4365 966 4424 I'Abbe'
987 4367 1092 4426 Ricard.
1114 4365 1196 4444 Paris
1213 4369 1240 4426 8.
1275 4368 1380 4425 Prodiit

472 4447 630 4524 quindecim
646 4447 834 4504 voluminibus
853 4449 888 4504 ab
908 4468 983 4505 anno
1001 4450 1072 4524 1783
1090 4449 1124 4505 ad
1143 4465 1226 4523 1792.
1257 4448 1379 4505 Notulas

373 4544 382 4560 ⁸
474 4528 577 4586 addidit
595 4528 677 4584 utiles
690 4528 806 4584 Gallicis
827 4529 973 4585 lettoribus
994 4532 1028 4585 ad
1049 4529 1263 4604 intelligentiam
1277 4549 1367 4587 rerum

473 4607 543 4668 Vide
556 4609 666 4668 Praefat.
681 4627 741 4688 cap.
754 4608 794 4666 iii.
810 4608 872 4669 sett.
884 4610 914 4669 ii.
930 4615 955 4684 t.
965 4627 993 4682 3,
1003 4622 1030 4688 5,
1042 4610 1070 4680 6,
1083 4622 1110 4684 7,
1123 4627 1175 4666 12..
