3642 5492
481 647 554 722 nu
765 643 1223 754 rnnrnrro

483 831 578 905 rimis
596 854 724 902 nomen
741 827 920 904 Plutarchi
943 855 1014 904 non
1042 828 1092 923 est
1115 828 1291 904 adrutum.
1341 830 1412 903 Sed
1437 830 1512 906 haec

483 949 519 1022 in
537 950 566 1019 F
568 944 754 1044 ragmentis
771 946 1010 1020 tractabimus.
1063 947 1106 1020 In
1124 945 1323 1019 Chiliudibus
1337 943 1512 1019 Historias

482 1062 706 1137 aVeteribus
728 1061 885 1158 proditas
912 1061 1012 1135 refert
1037 1060 1100 1134 suo
1117 1085 1228 1146 more,
1252 1057 1361 1132 idest
1377 1057 1512 1154 jejune,

483 1178 610 1253 additis
630 1194 748 1251 tamen
767 1177 952 1250 auctorum
970 1175 1172 1250 nominibus
1189 1207 1200 1263 3
1226 1199 1298 1249 non
1313 1172 1401 1248 item
1417 1173 1514 1248 libris

451 1310 454 1318 '
485 1293 624 1369 notatis.
676 1292 772 1369 Hist.
809 1319 841 1380 1,
884 1293 928 1364 de
961 1290 1082 1364 Croeso
1116 1289 1166 1364 est
1195 1313 1241 1362 ex
1276 1291 1354 1362 Vita
1382 1291 1511 1364 Solonis.

484 1408 580 1484 Hist.
598 1436 657 1505 29,
674 1408 718 1479 de
737 1405 953 1480 Antisthenis
970 1401 1138 1501 Sybaritae
1152 1403 1245 1477 veste
1263 1427 1372 1501 quarn
1388 1426 1412 1475 a
1427 1404 1515 1478 car-

483 1524 754 1624 thaginiensibus
781 1522 898 1596 ernilse
927 1523 1110 1597 dicebatur
1138 1520 1337 1616 Dionysrus,
1364 1517 1466 1592 addit
1489 1519 1514 1592 a

482 1644 711 1741 Πλοῦτιιρχθ,
736 1640 834 1733 οἶμαι,
859 1642 992 1739 γςιίφκτ
1020 1650 1056 1709 al
1083 1635 1132 1708 nll
1154 1636 1223 1708 tale
1247 1632 1284 1707 ln
1306 1635 1511 1708 Plutarcho.

484 1751 582 1826 Hist.
596 1779 655 1850 32,
673 1753 717 1824 de
737 1753 866 1839 Xerxe,
885 1777 930 1824 ex
951 1754 1026 1824 Vita
1043 1750 1155 1826 Themi
1176 1754 1259 1825 oclis.
1334 1747 1434 1824 Hist.
1452 1775 1513 1847 33,

482 1869 527 1941 de
545 1871 744 1965 Cleopatra,
769 1894 813 1941 ex
839 1871 916 1941 Vita
934 1873 1073 1941 Antonii.
1149 1867 1236 1942 Hist
1268 1892 1327 1968 70,
1353 1867 1399 1941 de
1414 1883 1516 1942 utro·

483 2010 553 2080 que
572 1987 689 2060 Caloue
705 1983 820 2058 scribit
841 1987 1060 2061 Plutarchus.
1137 1983 1233 2058 Hist.
1250 2011 1311 2082 93,
1336 1985 1383 2058 de
1402 1987 1514 2078 Lace·

481 2101 676 2188 daemoniis,
693 2130 738 2176 ex
756 2106 833 2176 Vim
851 2106 1004 2203 Lycurgi.
1081 2101 1178 2176 Hist.
1198 2127 1280 2187 111,
1299 2101 1345 2174 de
1362 2099 1513 2188 Diebus,

482 2244 526 2289 ex
549 2222 623 2290 Vita
642 2221 780 2293 Camilli.
857 2219 954 2294 Hist.
978 2247 1059 2318 129,
1077 2220 1121 2292 de
1140 2217 1338 2315 Xanthippi
1354 2243 1455 2307 cane,
1470 2244 1513 2294 ex

484 2336 562 2405 Vita
580 2334 691 2407 Themi
714 2340 798 2410 aclis.
874 2335 970 2409 Hist.
996 2362 1007 2407 ι
1016 2362 1075 2434 37,
1094 2335 1138 2406 de
1153 2332 1365 2407 Heliadibus
1380 2348 1418 2407 et
1436 2333 1514 2410 Eri·

481 2447 587 2531 dano
614 2447 751 2521 nonest
768 2447 803 2520 in
830 2450 1040 2521 Plutarcho:
1070 2473 1267 2545 quaeremus
1282 2448 1326 2520 de
1342 2449 1409 2522 hac
1427 2446 1514 2522 rein

484 2561 714 2657 Fragnrentis.
793 2561 888 2637 Hist.
909 2565 1006 2637 Nor.
1023 2590 1058 2659 9,
1077 2563 1120 2634 de
1138 2564 1263 2635 Solone
1279 2575 1314 2634 et
1333 2563 1513 2636 Anachar-

484 2676 564 2760 srde,
581 2701 625 2747 ex
644 2678 720 2746 Viro
736 2681 865 2749 Solonis.
943 2675 1038 2749 Hist.
1061 2702 1119 2774 59,
1137 2678 1181 2749 de
1202 2674 1364 2751 Vindicio
1381 2693 1418 2750 et
1435 2677 1516 2754 filiis

483 2789 596 2876 Bruti,
614 2817 658 2863 cx
678 2793 754 2863 Vita
773 2794 954 2867 Publicola.
1030 2791 1124 2866 Hist.
1139 2818 1198 2891 71,
1216 2817 1261 2865 ex
1282 2796 1359 2865 Vita
1370 2793 1515 2868 Camilli.

483 2907 577 2983 Hist.
603 2935 656 2994 rr,
675 2907 808 2981 Sirenes
824 2907 922 2981 fuirse
933 2907 1146 2995 meretrices,
1166 2913 1396 3012 ssuolrawcl
1416 2912 1515 2983 πύτι-

483 3057 529 3124 μι
550 3030 642 3118 λέγει,
669 3022 705 3095 in
729 3024 851 3096 eadem
867 3049 902 3096 re
920 3025 1073 3097 eundem
1091 3025 1270 3097 auctorem
1288 3026 1408 3098 laudat
1424 3023 1515 3101 rsu-

482 3137 556 3210 cius
586 3142 739 3211 Tzetzes
767 3139 811 3212 ad
840 3142 1064 3237 Lycophron.
1091 3145 1187 3240 653:
1219 3140 1301 3217 huic
1325 3143 1424 3216 locus
1449 3141 1514 3216 erit

482 3251 666 3349 quaestioni
691 3254 726 3325 in
759 3254 967 3327 Narratione
993 3257 1050 3330 De
1080 3255 1164 3328 Vita
1190 3270 1226 3330 et
1255 3253 1397 3353 Scriptis
1427 3256 1512 3330 Plu·

484 3367 604 3441 tarchi.

531 3482 668 3558 Scholia
684 3485 728 3556 ad
747 3486 1041 3582 Lycophronenr3
1068 3512 1149 3584 quae
1169 3511 1285 3561 revera
1310 3486 1413 3586 ipsius
1431 3486 1514 3562 lunt

483 3598 677 3695 Johannis3
705 3599 860 3689 nomine,
878 3600 990 3673 fratris
1008 3600 1080 3696 ejus
1099 3602 1240 3689 Isaacii3
1266 3604 1312 3676 ad
1326 3600 1412 3676 vers.
1424 3629 1514 3708 494,

481 3741 525 3787 ex
545 3715 650 3810 Thalli
667 3718 758 3800 Vita,
784 3715 919 3811 plenius
944 3743 984 3788 ea
1004 3716 1155 3791 referunt
1173 3743 1254 3815 quae
1271 3717 1391 3815 paucis
1409 3717 1513 3816 signi-

482 3832 632 3902 ficantur
648 3832 743 3927 apud
761 3832 876 3904 Sclrol.
895 3830 1016 3928 Eurip.
1037 3832 1189 3929 Hippol.
1215 3859 1270 3906 11.
1346 3832 1407 3906 Ad
1427 3831 1515 3907 vers.

483 3971 566 4039 921,
595 3946 639 4016 de
665 3944 758 4018 serva
785 3944 953 4040 Trojana,
980 3946 1122 4018 nornine
1147 3948 1279 4032 Roma,
1304 3972 1324 4019 e
1347 3949 1426 4019 Vita
1444 3950 1516 4021 Ro-

481 4061 558 4128 nrrlli
585 4057 621 4130 in
650 4057 833 4155 principie,
857 4077 892 4133 et
923 4060 1013 4133 libro
1039 4063 1096 4134 De
1118 4062 1295 4134 Mulierum
1319 4062 1516 4150 Virtutibus,

480 4197 517 4267 p.
538 4198 621 4269 243,
640 4173 683 4246 E.
759 4175 828 4248 Ad.
847 4171 931 4247 vers.
951 4199 1035 4270 934,
1061 4173 1255 4272 Qririnurn
1275 4176 1431 4248 eundern
1445 4175 1517 4250 effe

482 4286 654 4360 Romanis
672 4311 712 4358 ac
730 4287 900 4373 Martem,
914 4313 959 4361 ex
972 4292 1049 4360 Vita
1061 4292 1200 4377 Romuli,
1218 4315 1253 4386 p.
1267 4294 1328 4387 36,
1345 4291 1384 4365 Β.
1412 4338 1415 4342 -
1452 4293 1517 4366 nd

479 4400 563 4473 vers.
588 4427 691 4498 1133,
710 4400 985 4488 delirantibus,
1011 4417 1045 4475 et
1064 4403 1108 4474 de
1125 4404 1378 4479 consuetudine
1395 4429 1515 4480 cornae

481 4512 626 4611 Delphis
640 4514 891 4604 consecrandae,
911 4542 956 4591 ex
970 4520 1049 4592 Vita
1063 4517 1184 4621 Thesei,
1202 4544 1240 4618 p.
1257 4537 1327 4595 zet
1340 4546 1375 4620 3.
1452 4521 1517 4597 Ad
