3642 5492
494 725 517 778 e
778 701 1241 780 PRAEFATIQ

498 891 740 973 clusimus,
764 887 964 986 Campensts
989 889 1259 978 Transrsalanus,
1285 889 1378 962 Vitas
1401 885 1520 962 Latine

498 1031 519 1076 a
546 1003 578 1077 se
604 1003 711 1080 versas
737 1003 847 1078 edidit
872 1033 965 1080 anno
994 1010 1098 1106 1561,
1125 1021 1218 1079 certe
1240 1003 1297 1079 hic
1319 1031 1433 1080 annus
1450 1003 1522 1080 sub

498 1122 643 1220 scriptus
672 1122 721 1197 est
743 1122 816 1217 ejus
841 1124 1004 1222 Epistolae
1030 1127 1074 1198 ad
1098 1123 1298 1213 Leelorem,
1323 1143 1360 1198 at
1377 1123 1526 1220 ejusdem

498 1236 710 1310 dedicationi
735 1239 778 1310 ad
806 1238 1012 1338 Philippum
1028 1241 1077 1326 II,
1104 1266 1215 1314 annus
1239 1245 1342 1338 1564.
1395 1239 1466 1312 Sed
1486 1237 1523 1310 de

504 1356 582 1426 Vitis
599 1355 666 1428 hoc
683 1354 762 1426 loco
778 1380 850 1427 non
866 1354 1014 1454 agimus.
1064 1355 1244 1429 Mordiuni
1268 1353 1525 1452 Interpretatio·

501 1493 582 1540 nem
608 1493 680 1540 non
706 1485 877 1542 memorat
904 1473 1131 1544 annrcrus
1147 1469 1197 1540 ¹in
1222 1466 1391 1540 Biblioth.
1413 1469 1523 1540 Graec.

501 1582 570 1654 vol.
597 1579 647 1668 iii,
676 1606 714 1678 p.
735 1608 830 1681 372:
872 1583 936 1655 ubi
961 1582 1034 1678 ejus
1065 1583 1301 1658 memorandae
1326 1593 1400 1654 erat
1421 1581 1525 1652 locus.

502 1697 728 1782 Bunarrus,
755 1695 868 1770 editor
892 1697 971 1772 libri
995 1701 1040 1772 de
1063 1699 1214 1784 Musica,
1237 1711 1340 1794 negat
1358 1721 1438 1770 eam
1454 1719 1529 1768 um·

503 1833 611 1907 quam
636 1808 780 1884 fuiffe*.
831 1813 919 1886 Sane
942 1813 992 1886 est
1020 1812 1077 1886 illa
1102 1813 1203 1886 valde
1229 1809 1444 1908 infrequens,
1470 1831 1528 1882 noc

503 1949 569 2022 ego
585 1949 663 1997 eam
681 1923 751 1997 vidi
769 1955 776 1998 :
804 1926 953 2026 cognovi
972 1945 1091 2001 tamen
1109 1953 1129 2000 e
1146 1925 1379 2023 descriptione
1399 1923 1474 2020 ejus
1497 1922 1530 1998 in

503 2038 662 2117 Historia
677 2038 901 2118 Bibliothecae
920 2042 1147 2129 Fabricianae,
1167 2042 1208 2114 P.
1221 2040 1269 2130 iii,
1284 2045 1331 2136 'p.
1348 2042 1395 2113 66
1412 2067 1422 2112 ι
1448 2061 1532 2138 prae·

504 2153 598 2230 terea
614 2172 844 2230 memoratam
873 2157 989 2232 inveni
1011 2185 1031 2230 a
1055 2159 1334 2250 Brnrmots:
1362 2168 1399 2229 et
1424 2153 1531 2228 avito

504 2273 612 2345 dodo
646 2271 683 2344 in
718 2273 926 2346 Narratione
960 2277 1004 2347 de
1038 2273 1122 2360 Vita
1155 2289 1191 2345 et
1221 2269 1366 2367 Sctiptis
1400 2271 1531 2348 Μαι·
1563 2297 1564 2306 ’

506 2411 632 2461 nrncr
651 2387 702 2486 ss:
739 2384 824 2459 item
849 2385 887 2461 in
913 2387 1092 2486 Catalogis
1123 2387 1423 2460 Bibliothecarum
1451 2407 1534 2482 qua·

505 2501 682 2586 rumdam,
716 2525 800 2576 cum
835 2499 994 2588 aliarum,
1028 2520 1108 2575 tum
1143 2497 1444 2586 Franeofurtanae,
1476 2491 1534 2572 ubi

506 2618 586 2690 duae
613 2614 842 2714 perhibentur
864 2616 1046 2704 editiones,
1073 2619 1266 2692 Bafileensrs
1289 2641 1346 2688 an.
1373 2633 1479 2714 1573,
1502 2625 1534 2684 et

507 2730 781 2806 Francofurtana
802 2735 905 2830 1580.
959 2736 1038 2831 Ego
1054 2732 1149 2804 cami
1167 2759 1218 2818 ea,
1242 2757 1306 2804 nec
1324 2729 1451 2827 iniquo
1466 2725 1535 2800 ani·

508 2874 569 2922 mo
593 2847 709 2933 carui3
746 2847 1036 2946 quandoquidem
1063 2849 1107 2920 de
1129 2848 1202 2942 ejus
1223 2845 1380 2920 utilitate
1402 2837 1535 2938 conjec-

508 2979 625 3035 turam
642 2989 686 3035 ex
707 2967 848 3035 Vitarum
868 2961 1157 3061 Interpretatione
1174 2961 1263 3035 leci:
1288 2986 1383 3058 quae,
1399 2973 1444 3032 ut
1460 2981 1537 3056 pro-

508 3079 660 3152 babilem
687 3081 791 3152 habet
818 3077 953 3152 Latinae
970 3078 1134 3152 orationis
1152 3076 1375 3177 elegantiam,
1401 3073 1454 3148 ita
1470 3097 1538 3148 non

510 3196 656 3268 eandem
685 3194 902 3293 diligentiam
928 3196 962 3267 in
993 3195 1158 3268 Aue‘loris
1185 3193 1354 3266 sententia
1382 3203 1540 3266 accurate

511 3310 710 3382 reddenda:
740 3313 838 3406 quod
856 3311 1022 3408 equidem
1040 3337 1111 3383 nun
1129 3325 1202 3384 tam
1227 3335 1311 3382 cum
1329 3309 1540 3404 Huar105

512 3430 556 3502 ab
583 3427 800 3526 ignoratione
825 3431 957 3502 Graecae
982 3428 1145 3525 Lingua,
1172 3455 1281 3524 quum
1306 3451 1326 3498 a
1346 3423 1459 3498 nimio
1474 3425 1540 3498 ele·

512 3543 639 3644 gantiae
666 3543 780 3644 lludio
797 3543 996 3638 prot'edlum
1016 3542 1153 3617 dicam..
1200 3548 1343 3616 litatum
1371 3543 1543 3638 Interpre-

512 3659 614 3746 tatio,
641 3657 678 3733 in
700 3658 947 3755 Stephanium,
973 3677 1008 3732 et
1035 3659 1146 3732 tribus
1174 3651 1545 3732 Graeco-Latinisedi·

513 3773 670 3848 tionibus
688 3771 834 3870 repetita
850 3774 923 3846 est:
952 3777 1112 3861 Mortalia,
1132 3799 1202 3846 nnn
1220 3775 1307 3846 item
1323 3769 1487 3869 repetita,
1502 3791 1547 3846 ex

500 3888 703 3968 ·-lrominum
719 3890 784 3968 ul'u
801 3905 836 3964 et
854 3890 981 3964 notitia
998 3891 1065 3963 sere
1082 3903 1309 3963 evanuemnt.

558 4125 577 4161 ⁴*
599 4121 749 4180 Memone.
763 4124 795 4182 de
808 4123 913 4182 l'rlead.
924 4124 970 4180 des
981 4123 1159 4200 lnl'criptions
1172 4137 1200 4182 et
1212 4123 1300 4182 Belles
1314 4121 1433 4192 Lemo,
1446 4116 1553 4186 T-vffi·

540 4258 547 4273 .
586 4235 610 4274 1.

518 4235 537 4295 p
560 4233 578 4390 ᾗ
599 4315 748 4391 Jngemens
762 4316 808 4372 des
824 4317 935 4382 Sarum,
948 4317 985 4372 T.
996 4316 1025 4373 ii.
1042 4317 1069 4373 P.
1081 4319 1120 4374 iii.
1134 4339 1164 4394 p.
1178 4317 1243 4396 363.

561 4421 575 4482 ζ
598 4413 735 4470 Praernill'a
756 4413 794 4470 ell
817 4413 924 4470 Gallice
950 4412 1050 4489 scripto
1074 4414 1284 4472 Commentario
1311 4413 1497 4472 Mazttttnct
1522 4407 1553 4470 iu

518 4513 604 4590 Epist.
620 4512 704 4568 Ovid.
720 4530 805 4588 p.14.

561 4619 575 4684 ᾗ
598 4612 684 4689 Apud
697 4611 896 4678 Butuntum,
910 4609 970 4666 loco
982 4607 1066 4666 dieto.
