3642 5492
471 626 605 706 amn
762 611 1229 704 PRAEFATIQ
1343 659 1352 680 ·

471 825 575 888 aetate
601 809 665 911 qui
690 812 735 886 de
762 812 948 886 Moralibur
970 812 1061 884 bene
1086 809 1210 885 mereri
1234 821 1422 884 conaretur
1443 801 1513 883 luit

471 929 658 1023 Joaunas
677 929 857 1023 Jaconus
877 929 1105 1002 Rarsrrrus.

521 1045 578 1116 De
603 1046 672 1118 hoc
697 1069 764 1142 ego
788 1042 864 1116 viro
887 1041 1000 1116 dicere
1017 1041 1228 1142 ingrediens,
1243 1055 1364 1115 vereor
1380 1065 1427 1114 ne
1444 1041 1513 1115 srnt

469 1160 599 1258 quibus
630 1161 749 1259 inique
781 1159 901 1259 potius
933 1186 1043 1258 quam
1070 1185 1149 1234 vere
1174 1159 1345 1255 judicalse
1376 1157 1510 1234 videar.

470 1278 550 1376 Ego
567 1304 651 1352 vero
674 1276 723 1350 nil
746 1279 861 1350 habeo
886 1277 1012 1352 caullae
1031 1301 1139 1375 quare
1162 1276 1207 1349 de
1231 1275 1416 1350 Rnrsrrro
1441 1273 1511 1348 mi·-

469 1419 662 1492 nusquam
682 1394 725 1467 de
748 1392 922 1492 prioribus
949 1390 1215 1490 Interpretibus,
1242 1389 1331 1490 quid
1348 1389 1514 1478 sentiam,

468 1509 576 1585 libere
593 1509 835 1608 pronunciem.
864 1510 912 1582 Et
930 1534 1014 1583 vero
1028 1511 1202 1583 Rarsrcrr
1221 1533 1262 1580 ea
1277 1505 1346 1581 fuit
1362 1505 1512 1580 facultas¹

469 1653 509 1701 ac
527 1627 698 1713 doctrina,
717 1651 797 1724 quae
815 1624 882 1698 suis
898 1651 939 1700 ac
957 1623 1045 1700 veris
1059 1638 1229 1700 contenta
1242 1621 1421 1709 laudibus,
1438 1645 1513 1695 non

468 1743 635 1816 desideret
652 1741 746 1814 falsas
764 1757 800 1815 et
817 1740 956 1815 alienas.
1008 1742 1088 1816 Nec
1106 1739 1194 1814 mihi
1210 1741 1279 1813 hoc
1295 1740 1378 1812 loco
1393 1733 1512 1810 dicere

467 1859 688 1955 propofitum
713 1857 763 1931 est
785 1858 873 1956 quid
893 1857 1049 1932 universe
1071 1856 1108 1930 in
1132 1855 1266 1932 Graecis
1282 1853 1425 1942 Literis,
1451 1851 1511 1928 sed

466 1971 556 2070 quid
571 1970 709 2069 proprie
728 1970 765 2045 in
782 1970 1002 2048 Plutarcheis
1015 1972 1202 2047 Moralibus
1218 1972 1264 2044 ab
1281 1995 1325 2044 eo
1340 1969 1510 2044 effectum

467 2091 521 2161 fit.
573 2089 640 2162 Sed
668 2113 784 2186 quum
809 2088 853 2162 de
875 2088 948 2184 ejus
972 2088 1011 2162 in
1031 2089 1223 2162 Plutarcho
1249 2101 1377 2160 navata
1401 2109 1510 2184 opera

466 2203 560 2291 dico,
594 2230 673 2278 eam
705 2203 788 2278 dico
816 2230 925 2303 quam
961 2205 1274 2297 Animadverstomcm
1300 2202 1349 2276 ad
1379 2199 1510 2275 Graecos

468 2323 619 2393 Arctiores
637 2319 828 2393 Volumine
846 2321 882 2394 Il
898 2317 1070 2418 vulgavit,
1096 2344 1168 2392 non
1193 2315 1389 2392 editionem
1410 2311 1510 2388 illam

468 2432 697 2529 Lipsrensem‚
714 2459 794 2531 qua
811 2433 934 2521 fertur,
952 2433 1194 2509 universorum
1203 2457 1366 2530 operum,
1385 2429 1513 2506 incho-

466 2562 562 2621 atam
588 2570 681 2620 anno
703 2571 809 2646 1774,
835 2547 950 2621 forma
970 2551 1106 2622 octava.
1160 2552 1202 2623 ln
1217 2547 1508 2623 istaRa1s1crus

466 2662 578 2761 magis
594 2660 797 2759 bibliopola
814 2688 925 2759 quam
944 2662 1047 2736 suum
1065 2689 1156 2761 opus
1171 2661 1267 2750 fecit,
1290 2685 1408 2762 neque
1424 2685 1511 2736 vero

465 2776 563 2865 fecit,
588 2777 647 2851 sed
663 2777 791 2852 affecit.
843 2779 1004 2854 Subfidia
1022 2778 1193 2853 librorum
1212 2777 1343 2851 inedita
1358 2777 1509 2876 quidem

466 2919 539 2968 non
557 2892 709 2968 habuit:
741 2897 832 2969 Vitas
856 2895 958 2970 edere
983 2896 1168 2995 aggrellirs,
1193 2893 1247 2967 his
1263 2893 1428 2968 nondum
1444 2893 1509 2968 ab·

464 3008 599 3097 solutis,
628 3010 725 3085 diem
754 3011 845 3088 obiit
870 3014 997 3087 eodem
1022 3039 1140 3087 anno:
1171 3011 1342 3110 reliquam
1365 3010 1507 3088 illarum

464 3144 615 3225 partem,
642 3144 677 3203 et
703 3133 855 3205 ΜοναΙὶα
879 3130 1051 3204 cumillis
1075 3144 1177 3204 antea
1194 3129 1296 3203 editis
1314 3129 1503 3206 Rsrsrrrr

464 3239 837 3317 Animadverfionibus'
850 3245 988 3319 addidit
1002 3244 1208 3342 bibliopola,
1226 3259 1413 3342 totamque
1430 3241 1506 3318 edi*

466 3355 602 3429 tionem
627 3357 774 3431 absolvit
804 3360 996 3434 duodecim
1022 3360 1275 3435 voluminibus.
1328 3360 1436 3448 Haec,
1461 3377 1506 3434 ut

465 3485 617 3559 narrant,
643 3472 712 3546 hoc
738 3470 812 3569 ipso
838 3488 1010 3571 tempore,
1036 3474 1294 3574 aTubingensr
1312 3473 1508 3572 bibliopola

465 3588 510 3660 ad
529 3586 700 3660 minorem
718 3589 851 3662 molem
870 3589 1021 3679 redacta,
1043 3589 1236 3689 repetitur:
1262 3592 1362 3664 rlldna
1379 3591 1507 3678 εἴδωλον,

464 3700 604 3798 majoris
634 3700 764 3777 minus.
816 3704 1037 3800 Hujusmodi
1070 3731 1136 3805 ego
1171 3704 1396 3803 repetitiones
1430 3730 1506 3782 non

463 3815 640 3916 improbe,
666 3821 776 3894 modo
799 3822 865 3892 sint
886 3822 976 3893 bene
991 3823 1248 3919 emendateque
1265 3819 1413 3906 excusa,
1439 3845 1506 3918 pa·

463 3933 586 4006 rabiles
617 3933 743 4031 pretio,
773 3935 904 4009 habiles
935 3939 1087 4011 tractatu
1117 3935 1358 4010 mediocritate
1385 3937 1506 4024 molis,

462 4070 528 4119 nec
545 4044 578 4118 se
596 4071 662 4143 pro
676 4049 796 4122 denuo
809 4052 982 4125 recensitis
995 4051 1173 4149 scriptura
1186 4046 1507 4123 constitutionibus

462 4177 498 4235 et
516 4160 689 4259 germanis
705 4163 921 4239 editionibus
936 4183 1071 4265 gerant.
1122 4167 1191 4238 Sed
1208 4164 1253 4237 ad
1271 4168 1505 4240 Rarsrcrurt

461 4277 656 4350 redeamus.
1211 4365 1217 4378 Ι

512 4395 719 4470 Rarsxrus
746 4398 895 4473 toralia
921 4398 1070 4500 legendo
1095 4380 1257 4472 tral‘lairit
1282 4397 1400 4471 astate
1424 4419 1504 4472 rne-

462 4500 532 4594 dia,
557 4522 599 4584 ut
617 4508 687 4607 ipse
704 4510 767 4602 ait,
792 4514 875 4589 anni
897 4520 1004 4616 1756,
1029 4528 1066 4589 et
1092 4539 1179 4612 quas
1196 4537 1259 4612 per
1273 4511 1505 4588 hanclet‘lio·

372 4963 545 5097 Λ
