3642 5492
604 603 1064 684 rnnrnrro
1280 584 1377 684 nu

313 789 487 865 librorum
504 813 850 888 quorumcumquee
869 789 1001 865 Graecis
1018 792 1109 866 male
1128 791 1256 866 Latine
1273 794 1350 867 red·

314 902 487 978 ditomm.
541 904 585 977 ln
602 902 676 999 ejus
693 904 903 979 Policratico
922 904 1120 1004 frequenter
1137 924 1353 982 memoratur

316 1021 498 1098 Plutarchi
527 1025 684 1117 Irfiitutio
710 1022 857 1123 Trcp'arri,
883 1024 941 1097 cui
964 1024 1135 1122 praemiffa
1152 1028 1290 1123 Eprstola
1305 1030 1354 1101 ad

319 1137 490 1236 Trq‘mrn
516 1153 594 1213 tota
618 1138 810 1235 apponitur
831 1138 912 1212 libri
930 1167 966 1228 r,
993 1140 1107 1239 capite
1123 1139 1156 1214 i:
1185 1157 1265 1217 tum
1288 1168 1351 1242 per

317 1266 435 1327 totum
460 1250 597 1330 librum
614 1267 688 1327 v'et
705 1253 753 1341 vi,
779 1254 866 1330 item
889 1254 949 1330 viii
972 1255 1170 1355 aliquoties,
1194 1258 1289 1330 locos
1305 1283 1351 1332 ex

318 1362 370 1440 illa
387 1368 588 1460 Ipsitrrtiorre
602 1368 659 1440 vel
675 1365 851 1455 exscribit,
877 1372 932 1442 rel
948 1368 1114 1443 admixtis
1131 1368 1198 1460 suis
1214 1368 1351 1444 addita·

319 1478 443 1554 mentis
459 1477 582 1567 refert,
600 1496 636 1554 et
653 1480 800 1555 omnino
816 1479 907 1557 illius
921 1482 1080 1557 ordinem
1092 1498 1351 1581 praeceptorum

321 1591 485 1691 loquitur.
537 1593 633 1669 Haec
650 1592 688 1667 in
704 1596 925 1694 Fragmentis
942 1596 1198 1671 exhibebimus.
1241 1600 1351 1674 Nunc

322 1705 402 1782 illud
418 1706 598 1784 monuiffe
614 1707 694 1782 satis
711 1713 765 1797 sit,
794 1711 925 1786 librum
949 1712 1048 1787 illum
1069 1714 1114 1787 ab
1135 1712 1270 1787 incerto
1285 1716 1351 1787 ho·

324 1821 411 1898 mine
427 1821 607 1898 Latinum
623 1822 721 1898 fuille
737 1825 871 1901 fadum
894 1853 914 1899 e
933 1830 1080 1903 Graeco:
1110 1832 1276 1903 Graecum
1295 1828 1351 1903 fu-

324 1934 376 2012 ide
398 1937 681 2015 consarcinatum
706 1966 725 2013 e
749 1942 964 2017 Plutarcheis
982 1944 1301 2043 Apophthegmatibus
1316 1960 1353 2022 et

320 2051 390 2128 aliis
405 2053 593 2131 Plutarchi
614 2053 735 2129 libris:
763 2082 846 2131 nam
874 2056 1004 2131 latina
1027 2056 1189 2155 quamvis
1213 2056 1356 2150 inficeta
1404 2149 1407 2154 Ι

327 2170 575 2271 interpretatio,
602 2190 724 2276 tamen
744 2176 851 2249 habet
875 2201 991 2250 rerum
1013 2174 1093 2249 satis
1114 2190 1208 2249 certa
1226 2174 1354 2250 indicia
1393 2155 1402 2166 ’

329 2311 404 2386 quae
424 2288 655 2363 Plutarchum
680 2289 859 2386 prodant:
886 2314 932 2362 ex
948 2287 1001 2362 his
1023 2286 1130 2386 igitur
1144 2286 1275 2362 laciniis
1292 2287 1354 2361 ali·

330 2402 405 2504 quis
429 2403 597 2503 posterior
633 2405 816 2480 Graculus
850 2403 951 2479 istam
984 2408 1103 2504 regiam
1133 2406 1355 2497 Irssiturionem

330 2519 467 2621 Trajam',
494 2519 561 2594 sub
582 2518 725 2597 nomine
751 2517 945 2620 Plutarchi,
966 2517 1174 2617 composuit.
1227 2518 1355 2593 Similis

329 2636 372 2712 est
385 2654 421 2712 et
440 2637 611 2734 ejusdem,
632 2652 675 2711 ut
696 2636 747 2711 ita
763 2636 891 2725 dicam,
915 2635 1034 2711 sarinae
1052 2636 1094 2724 is,
1120 2662 1228 2736 quem
1244 2640 1354 2713 modo

330 2749 605 2851 significavimus,
634 2753 729 2854 qma
759 2754 959 2828 Florentinus
981 2778 1002 2827 a
1024 2753 1127 2840 uobis
1148 2755 1355 2851 appellatus.

333 2867 413 2943 Aliis
427 2866 516 2942 locis
542 2865 599 2941 alii
616 2866 756 2942 abunde
781 2867 862 2943 libri
886 2887 1151 2943 memorantur:
1179 2868 1290 2943 veluti
1306 2869 1354 2958 iv,

333 2986 363 3072 8,
386 2986 444 3058 De
465 2989 702 3085 magistratuum
717 2988 926 3061 moderatione
947 2989 1061 3060 librum
1074 2990 1188 3084 fertur
1204 2989 1357 3087 scripſsffe

333 3101 531 3188 Plutarchus,
558 3107 612 3203 qui
639 3103 821 3202 inscribitur
848 3104 1154 3201 Archigrammaton,
1186 3120 1216 3175 et
1242 3102 1356 3201 magis-

332 3232 439 3290 trarm
453 3218 528 3316 suae
542 3218 631 3304 rubis
647 3220 695 3291 ad
714 3222 902 3315 patientium
922 3237 954 3290 er
967 3220 1100 3315 justitia
1117 3223 1231 3291 cultum
1246 3218 1357 3291 verbis

331 3333 476 3431 irssituffe
497 3334 614 3406 dicitur
638 3352 669 3406 er
690 3337 863 3431 exemplis:
893 3333 937 3405 de
963 3357 1038 3429 quo
1063 3330 1152 3405 libro
1180 3331 1356 3431 quidquid

333 3445 542 3526 inaudiverat
570 3449 828 3538 Sarilberiensrs,
858 3449 999 3523 videtur
1032 3448 1213 3547 fignificari
1240 3448 1268 3522 is
1293 3447 1358 3546 qui
1401 3447 1441 3470 ‘⁶

334 3588 419 3642 nunc
445 3564 561 3642 exstat
584 3580 619 3639 et
643 3567 836 3664 Reipublicae
856 3566 1006 3665 gerendae
1026 3582 1186 3661 praecepta
1202 3561 1356 3641 inscribi·

336 3692 410 3757 tur:
434 3680 601 3781 proxima
618 3682 709 3757 illius
727 3684 795 3757 loci
812 3680 891 3756 sunt
911 3706 956 3753 ex
974 3680 1102 3766 Gellio,
1116 3678 1140 3765 i,
1154 3681 1211 3751 26.
1249 3681 1358 3751 Porro

336 3795 491 3876 Policrar.
518 3797 593 3888 viii,
617 3827 673 3887 10,
698 3800 763 3874 ubi
786 3798 995 3874 Plutarchus
1025 3793 1241 3881 nominatur,
1265 3792 1358 3867 sum·

337 3923 408 3990 lum
423 3942 469 3992 ex
484 3915 675 3990 Macrobio
693 3919 765 3991 Sat.
782 3916 843 4003 vii,
863 3943 898 4014 3,
925 3915 1026 4011 cujus
1051 3917 1159 3989 etiam
1181 3911 1238 3985 alii
1255 3911 1324 3986 loci
1340 3938 1359 3986 e

336 4029 531 4121 Plutarcho,
558 4032 683 4107 omiffo
710 4032 866 4119 nomine,
891 4029 1068 4129 exscripti,
1094 4031 1212 4105 denuo
1234 4027 1358 4104 exscri-

336 4142 462 4223 buntur
485 4172 506 4221 o
532 4146 722 4225 Macrobio
746 4146 1023 4222 aSarilberiensr.
1075 4144 1240 4243 Denique
1256 4144 1304 4231 iv,
1323 4170 1359 4243 5,
1464 4190 1468 4197 ·

333 4256 415 4338 illud
435 4288 481 4337 ex
507 4262 694 4339 Aristotele
716 4278 752 4337 et
779 4263 971 4337 Plutarcho
995 4264 1035 4335 de
1055 4265 1178 4358 palma,
1200 4258 1358 4340 sumtum

334 4374 547 4452 esteGellio
563 4377 615 4467 iii,
634 4383 669 4455 6.
1382 4373 1386 4384 ’

381 4491 595 4572 CODICES
611 4493 762 4594 aliquot,
780 4518 935 4591 quorum
948 4490 1156 4568 lectionibus
1166 4493 1215 4568 usr
1230 4488 1361 4586 sumus,

816 4634 835 4678 e
859 4635 879 4704 3
1010 4652 1019 4667 ι
