3642 5492
662 650 1128 734 PRAEFATIO.
1334 656 1412 748 allii

743 936 954 993 SAECUI..
999 940 1055 994 111.

422 1059 623 1169 'Scriptores
640 1067 852 1146 Christianos
868 1071 1051 1168 superioris
1066 1070 1206 1161 saculi,
1232 1072 1413 1169 Justinum

290 1191 292 1198 '
376 1183 595 1286 Martyrem,
606 1187 883 1286 Athenagoram,
897 1185 1108 1274 Tatianum,
1118 1191 1305 1278 lrenaeum3
1313 1191 1412 1268 The·

372 1302 558 1400 ophilurn,
577 1301 779 1389 Hermiarn,
793 1328 866 1376 non
878 1301 1075 1377 existimem
1091 1303 1218 1401 scripta
1233 1303 1413 1381 Plutarchi

373 1415 503 1518 legiffe.
555 1418 628 1493 His
652 1416 834 1516 aliquanto
858 1419 938 1516 plus
953 1416 1076 1492 versati
1091 1416 1129 1492 in
1145 1418 1413 1496 humanioribus

375 1532 510 1608 Literis
535 1557 578 1608 ac
600 1530 785 1618 dodliorcs,
809 1548 851 1606 ut
870 1532 1095 1608 Ecclefiastici
1112 1549 1246 1621 tamen,
1270 1538 1341 1610 linc
1357 1561 1411 1610 ru·

375 1647 477 1724 tione
493 1648 617 1723 critica
630 1661 693 1722 aut
710 1646 960 1745 philosophica,
977 1649 1140 1723 Clemens
1152 1648 1412 1727 Alexandrinus

372 1789 418 1838 ac
433 1762 680 1838 Tertullianus
695 1788 913 1862 quamquam
934 1765 1163 1839 Plutarchum
1186 1764 1410 1856 nominatim,

373 1880 480 1978 quod
495 1878 615 1965 sciam,
638 1903 710 1952 non
727 1891 937 1965 memorant,
961 1905 1046 1953 eum
1062 1893 1182 1954 tamen
1198 1877 1410 1979 quibufflam

304 2021 314 2034 ·
342 2013 359 2021 ··
375 1992 464 2068 locis
478 1995 528 2069 ob
544 1996 667 2069 oculos
680 1991 836 2066 habuiffe
851 2010 887 2067 et
903 1992 1011 2068 secuti
1027 1992 1204 2069 videntur.
1246 1995 1412 2071 Clemens

373 2134 452 2184 non
465 2105 538 2184 fere
553 2107 617 2183 nih
631 2104 846 2206 antiquiores
861 2107 1038 2195 nominat,
1062 2109 1211 2212 aquales
1233 2125 1269 2182 et
1288 2108 1408 2208 proxi·

377 2249 461 2300 mos
491 2222 619 2299 orniffis
651 2221 875 2311 nominibus,
914 2221 952 2297 in
983 2247 1058 2297 rem
1091 2221 1188 2296 suam
1222 2221 1409 2303 convertit.
1534 2311 1537 2316 ¹

377 2342 598 2416 Stromatrnn
613 2336 883 2435 appellationem
901 2339 997 2411 haud
1013 2335 1125 2423 facile,
1142 2362 1164 2412 a
1180 2338 1407 2413 Plutarchoo·

378 2479 461 2530 rum
474 2454 693 2528 stromatum
708 2450 903 2526 imitatione
920 2453 1045 2541 abesse,
1062 2452 1142 2552 quis
1158 2452 1283 2528 dicat?

427 2562 692 2645 DIOGENES
709 2567 972 2643 LAERTIUS
986 2567 1039 2641 bis
1051 2567 1138 2644 citat
1152 2569 1385 2646 Plutarchum
1395 2599 1409 2645 ι·

373 2712 396 2759 e
416 2689 495 2761 Vera
508 2688 606 2761 Sulla
617 2681 665 2769 iv,
677 2708 721 2777 4:
748 2707 768 2757 e
785 2686 863 2757 Vita
878 2684 1058 2757 Alexandri
1069 2696 1112 2757 ut
1129 2682 1270 2757 videtur
1280 2682 1329 2771 ix,
1344 2686 1406 2761 60.

375 2800 477 2878 Prior
503 2801 604 2877 locus
628 2796 889 2873 dubitationem
912 2798 1034 2883 habet,
1059 2802 1100 2872 a‘c
1126 2796 1216 2872 forte
1243 2797 1407 2873 infititius

373 2913 439 3002 cll,
462 2927 506 2988 ut
534 2911 680 3012 quidem
705 2909 934 2986 eruditiflimo
961 2914 1108 2988 Rossro
1133 2911 1273 2987 videtur
1294 2915 1407 2989 Com·

374 3045 526 3106 mental.
545 3029 663 3104 hert.
690 3052 728 3125 p.
749 3054 807 3127 57.
858 3023 961 3099 Alius
983 3024 1035 3101 est
1057 3028 1155 3102 locus
1178 3025 1242 3101 ubi
1262 3027 1419 3102 Romi-¹

379 3169 535 3220 tauros
559 3167 691 3218 nomen
708 3142 878 3218 Plutarchi
895 3141 1140 3237 reponendum
1156 3140 1285 3230 censet,
1302 3141 1327 3230 i,
1346 3168 1407 3231 22,

375 3260 419 3336 de
432 3259 582 3344 Pha-lere,
597 3253 661 3333 ubi
674 3281 771 3330 nunc
787 3254 916 3354 legitur
932 3280 1061 3330 nomen
1078 3259 1247 3332 Platoris.-
1263 3256 1410 3334 nomina

375 3375 451 3448 lroec
467 3385 672 3471 permutata
685 3369 884 3470 frequenter
899 3370 1056 3457 librariis,
1082 3371 1164 3446 alibi
1185 3371 1293 3449 etiam
1310 3372 1406 3450 resti·

376 3487 462 3575 tuit,
478 3501 522 3563 ut
536 3485 626 3562 infra
642 3485 820 3562 monitum
845 3486 882 3559 in
906 3488 987 3561 loeo
1008 3487 1051 3561 de
1069 3487 1176 3564 Suida
1190 3504 1228 3563 et
1246 3491 1410 3588 Etymol.

378 3603 437 3676 M.
456 3600 656 3700 Diogenem
674 3601 742 3678 hoc
757 3599 866 3675 videri
884 3600 1033 3675 sumone
1049 3628 1094 3676 ex
1110 3602 1249 3702 perdito
1263 3603 1354 3679 libro
1369 3603 1408 3680 in

378 3715 555 3813 hmpl'lae
573 3716 756 3813 catalogo,
773 3717 841 3820 Περὶ
858 3720 916 3791 οὖν
931 3718 1049 3817 veiim
1066 3720 1337 3808 φιλοσοφησάντων,
1353 3721 1408 3794 sel

376 3836 433 3906 viis
455 3836 511 3906 ἐπ’
527 3832 636 3908 οὖτὸν.
686 3831 754 3906 Sed
777 3829 896 3906 dehis
919 3830 1062 3908 uberius
1083 3830 1243 3908 dicemus
1264 3833 1311 3910 ad
1331 3834 1409 3912 illos

379 3943 560 4021 Plutarchi
577 3942 695 4022 libros.

428 4061 739 4138 ATHENAEUS
763 4059 885 4138 diserte
909 4064 1031 4140 locum
1052 4088 1097 4139 ex
1120 4066 1310 4142 Plutarcho
1327 4092 1408 4166 pro·

378 4171 459 4260 fert,
475 4169 513 4260 ll,
529 4198 569 4270 p.
583 4197 641 4272 52.
660 4176 710 4250 D.
759 4178 962 4279 Πλούταρχος
977 4184 1005 4252 il
1022 4183 1036 4250 i
1054 4185 1212 4284 Χονοωνειῖς
1233 4184 1303 4273 φησὶ
1318 4187 1409 4276 vafri

380 4287 500 4388 Δςοιῖοιρ
527 4290 571 4382 τῷ
597 4289 731 4390 Trirgr'sv
755 4291 908 4392 Καίσαρος
936 4294 998 4385 viii,
1018 4294 1119 4396 iurgii
1144 4330 1212 4370 τινοο
1238 4299 1410 4398 ν’ποςῖοίντον

378 4404 501 4484 ndreae
524 4409 550 4476 ir
573 4405 615 4498 rii
636 4405 741 4493 πίνειν,
764 4410 936 4507 rogelim
959 4411 1022 4510 πρὸ
1045 4412 1084 4483 ni
1106 4415 1189 4485 ororii
1207 4416 1410 4514 προεσθίοντα

378 4519 494 4630 ungris
513 4521 701 4620 οἰμυγδνίλος
715 4526 804 4605 πέντε
828 4523 847 4602 ri
869 4527 904 4618 ἳξ
928 4558 958 4602 κ.
967 4558 999 4604 r.
1007 4546 1039 4602 t.
1066 4522 1260 4608 sumtume
1284 4534 1409 4634 Sympo-
