3642 5492
656 634 1124 728 PRAEFATIO,
1352 638 1408 721 ¹xli

385 889 389 898 .
421 823 682 912 GALENUS,
718 821 901 900 Plutarchi
931 824 1097 927 ‘Opnpnuic
1121 825 1252 920 μελέτας
1283 823 1406 901 laudat

376 940 429 1028 Dc
459 943 634 1042 Dogmat.
670 938 888 1038 Hippocrat.
923 953 960 1014 et
995 941 1133 1015 Platon.
1159 935 1210 1026 iii,
1239 964 1273 1014 2.
1303 938 1403 1016 Edit.

322 1109 325 1123 .
374 1059 528 1134 Chartcr.
549 1059 599 1132 T.
615 1058 662 1133 V.
681 1080 718 1154 p.
737 1080 818 1158 ¹15·
836 1057 880 1129 E.
933 1057 991 1129 Ex
1015 1051 1179 1128 Favorini
1203 1051 1294 1127 libro
1318 1077 1404 1130 eum

371 1185 543 1256 memorat
557 1207 570 1260 ;
595 1186 638 1247 ut
655 1169 757 1269 supra
774 1169 988 1246 notavimus.
1038 1172 1161 1256 Porro,
1186 1170 1211 1242 sr
1228 1167 1405 1270 quidhoc

369 1288 426 1388 cst,
453 1287 595 1387 spurius
619 1286 706 1362 liber
728 1284 912 1385 utriusque
936 1282 1080 1359 nomine
1095 1307 1279 1382 perperam
1294 1283 1405 1364 fertur

321 1461 325 1472 .
370 1401 475 1493 idem,
494 1401 676 1480 Plutarchi
692 1402 754 1501 qui
773 1401 901 1477 dicitur
914 1401 972 1476 De
986 1399 1241 1501 Philosophorum
1251 1401 1404 1494 Placitis,

372 1518 497 1595 Galeni
514 1521 659 1614 Hilario
677 1519 895 1619 Phanophiae.

419 1635 732 1720 APPULEIUS,
775 1632 812 1707 in
845 1630 1018 1731 principio
1051 1630 1402 1730 Metamorphoseon,

371 1749 444 1855 poll
458 1749 674 1825 exordium:
710 1747 921 1848 Tbefflrliam:
946 1773 1018 1822 nam
1040 1764 1071 1822 et
1096 1751 1162 1822 illic
1185 1751 1310 1848 origitur
1330 1775 1401 1824 ma·

371 1883 463 1942 tem
478 1868 587 1960 nostre
600 1850 818 1963 surdamenta
835 1892 857 1938 a
873 1864 1047 1939 Plutarcho
1061 1866 1114 1937 illo
1129 1867 1255 1962 inclyto,
1276 1891 1315 1937 ac
1331 1890 1405 1940 mox

374 1983 459 2056 Serto
469 1980 649 2081 pbinhpbo
659 1998 767 2079 nepote
778 1984 843 2080 ejus
855 1980 999 2077 prodita,
1012 1983 1149 2079 gloriam
1161 1978 1246 2053 nobis
1252 1981 1402 2076 saciatur

373 2121 434 2170 eam
451 2095 641 2194 Pbefflrltam
663 2121 703 2169 ex
723 2099 844 2195 mgotio
862 2096 1023 2194 petebam.
1075 2093 1163 2195 Non
1182 2092 1233 2167 est
1248 2093 1402 2173 dubium

375 2207 456 2307 quin
480 2208 597 2284 noster
620 2208 680 2284 hic
704 2209 918 2309 fignificetur
941 2211 1163 2286 Plutarchus.
1214 2210 1295 2283 Nec
1312 2234 1411 2306 opus

377 2324 435 2412 est,
451 2327 505 2402 rel
520 2351 607 2402 cum
623 2324 704 2400 viris
720 2323 847 2412 doctis,
867 2327 936 2400 hoc
953 2324 1105 2413 dictum,
1131 2324 1169 2399 in
1185 2321 1316 2399 fabulae
1332 2327 1400 2398 hu·

373 2437 519 2534 jusmodi
535 2439 713 2539 scriptore,
738 2442 784 2516 ad
805 2440 973 2539 temporis
990 2440 1130 2540 locique
1148 2439 1320 2516 rationem
1338 2455 1402 2519 aut

377 2555 516 2630 omnino
531 2556 579 2630 ad
595 2556 779 2633 veritatem
794 2557 932 2658 exigere
946 2585 955 2631 r
979 2560 1036 2633 vel
1052 2583 1137 2633 cum
1150 2562 1401 2634 Ouranoon·

379 2693 438 2746 rro
458 2670 645 2746 infititium
663 2672 832 2768 judicare.
884 2674 944 2746 Μ.
963 2671 1097 2747 Aurelii
1120 2671 1294 2748 Antonini
1309 2699 1400 2773 prae·

376 2802 490 2885 ccptor
501 2787 574 2862 fuit
590 2791 731 2875 Sextus,
756 2786 937 2864 Plutarchi
952 2813 1084 2885 nepos:
1111 2787 1304 2887 Capitolin.
1321 2815 1400 2888 cap.

373 2898 420 2976 iii.
443 2902 528 2978 hinc
550 2903 744 3003 Eutropius
760 2903 834 2992 viii,
856 2931 925 2979 12:
954 2902 1157 3002 Xiphilinus
1182 2905 1220 2979 in
1243 2895 1302 2979 Μ.
1322 2911 1400 2981 An·

376 3017 481 3094 tonin.
519 3045 557 3116 p.
571 3024 660 3119 363.
691 3020 778 3096 edit.
807 3022 969 3119 Sylburg.
1020 3020 1143 3095 Suidas
1173 3021 1262 3093 Voc.
1284 3011 1403 3112 ’Σέξτος

373 3137 543 3236 Augustis,
560 3139 716 3226 ἰδιλφιδῖς
732 3139 907 3233 ΠλυἹαῖρχκ.
948 3135 1179 3210 Philostratus
1196 3134 1271 3209 Vll„
1290 3136 1400 3234 soph·

372 3246 406 3338 ll,
422 3275 455 3335 1,
467 3277 504 3346 9,
520 3266 625 3325 Vocat
643 3259 748 3342 Σέξτον
764 3256 813 3326 riv
831 3258 862 3324 ia
878 3253 1017 3332 Bormiae
1035 3259 1214 3343 φιλὸσοφονε
1242 3250 1400 3328 indidem

373 3365 491 3448 suidas
510 3369 599 3446 voc.
619 3372 755 3471 Μοίριως.
791 3373 931 3455 Sextum,
950 3367 1161 3466 fimpliciter,
1179 3369 1216 3442 in
1231 3367 1403 3469 magistris

372 3478 437 3555 luis
454 3483 616 3559 nominat
634 3485 780 3558 Marcus
797 3482 1003 3558 Antoninus
1019 3483 1043 3571 i,
1062 3512 1096 3580 9.
1297 3560 1298 3563 ,

396 3598 716 3674 .POLYAENUS
740 3600 1036 3699 strategematum
1061 3599 1139 3673 libri
1164 3599 1280 3675 octavi
1302 3625 1400 3699 mag·

373 3736 453 3819 narn
467 3729 605 3810 partem
622 3714 740 3789 sumslt
756 3741 801 3789 ex
819 3714 998 3790 Plutarchi
1013 3715 1131 3789 libello
1149 3718 1208 3790 De
1223 3713 1402 3791 turturibus

371 3831 575 3919 Murenam,
601 3847 644 3907 ut
660 3830 759 3919 soler,
777 3858 850 3906 non
867 3832 1051 3907 nominato
1068 3835 1221 3908 auciorc.
1249 3835 1305 3907 Ex
1319 3836 1402 3908 Vitis

370 3945 489 4035 etiam,
516 3964 552 4023 et
578 3947 753 4046 pracipue
774 3974 820 4022 ex
844 3947 902 4022 illa
924 3947 1105 4046 deperdita
1129 3948 1402 4047 Epaminonda,

371 4064 553 4159 complura
571 4061 750 4163 sublegilsc
765 4062 914 4138 videtur.

401 4180 791 4267 AMYNTIANUS,
828 4179 927 4254 Vitas
957 4181 1137 4255 Parallelas
1167 4179 1328 4278 Dionysii
1359 4205 1403 4258 ac

372 4293 585 4405 Domitiani,
606 4292 757 4391 Philippi
774 4310 810 4366 et
824 4294 990 4395 Augusti,
1001 4297 1046 4371 ad
1059 4298 1227 4372 Marcum
1244 4300 1399 4395 Impera·

372 4425 497 4497 torem,
513 4408 736 4507 conscripsit:
764 4410 850 4485 teste
875 4411 1006 4486 Photio
1031 4413 1124 4487 Cod.
1141 4411 1273 4486 cxxxi:
1301 4414 1401 4513 quod
1420 4435 1423 4440 ·

370 4521 459 4620 quin
472 4522 681 4601 inritatione
698 4524 876 4602 Plutarchi
899 4525 1028 4616 fecerit,
1052 4553 1126 4604 non
1147 4527 1198 4607 est
1216 4530 1316 4631 quod
1331 4530 1382 4608 du
1524 4557 1527 4562 ·

369 4637 537 4717 bitemus.
1355 4677 1359 4682 ·
