3642 5492
649 621 1115 706 rrmrnrro.
1210 723 1214 731 ‚
1282 629 1408 714 cxxvii

395 808 617 899 Satnnsrns,
634 812 665 887 F
669 834 790 901 asan,
803 812 1057 903 Gnsssnous,
1073 815 1299 907 Vannsrrrs,
1314 820 1407 897 Mr-

399 955 537 1016 nnsrus,
559 928 846 1003 Bonarnnnus.
897 931 980 1017 Sed,
1001 930 1100 1029 quod
1117 933 1265 1031 quidem
1283 933 1404 1029 sciam,

398 1071 450 1120 nec
462 1070 537 1142 opus
553 1042 700 1142 aliquod
724 1067 850 1119 eorum
875 1044 920 1118 de
944 1046 1015 1121 hoc
1038 1065 1248 1146 argumento
1263 1048 1404 1126 editum

396 1157 446 1249 est,
464 1186 516 1235 nec
540 1159 678 1234 mentio
701 1156 748 1233 de
772 1174 878 1259 capto
896 1160 1010 1258 operis
1026 1162 1168 1237 consilio
1184 1164 1325 1261 prodita
1340 1191 1403 1243 ex·

397 1272 455 1348 stat.
473 1333 475 1338 .
496 1279 593 1351 Nam
622 1278 826 1354 Sanmnsrr
857 1276 1119 1352 emendationes
1152 1304 1224 1356 non
1252 1305 1293 1356 ea
1320 1282 1405 1358 sunt

398 1389 606 1479 multitudine,
624 1409 667 1466 ut
683 1391 897 1490 suspicemur
913 1420 995 1469 eum
1010 1395 1055 1468 de
1066 1397 1323 1472 commentario
1338 1413 1404 1474 aut

396 1504 518 1581 editione
542 1505 720 1607 cogitasse.
772 1511 993 1608 Exemplum
1018 1510 1297 1607 Stephanianum
1321 1515 1405 1588 Mo-

394 1625 481 1698 raam
499 1639 535 1722 et
561 1626 720 1713 Vr’tarum,
742 1624 801 1700 cui
827 1625 887 1700 sua
911 1625 982 1724 ipse
1006 1649 1117 1699 manu
1140 1626 1204 1700 has
1225 1626 1403 1727 adscripfit

395 1737 638 1828 emendationes,
668 1740 716 1814 ad
740 1766 799 1815 me
823 1743 983 1840 pervenit
1008 1766 1054 1816 ex
1080 1741 1245 1818 auctione
1271 1743 1402 1819 Biblio-

396 1851 478 1930 Μ
493 1854 743 1932 Gronovianae.
782 1860 969 1933 Errantes
991 1858 1171 1933 Broorrr
1191 1876 1404 1957 apparatum

396 1994 470 2048 nora
477 1971 637 2048 editionis
650 2000 696 2048 ex
709 1972 844 2074 scriptis
858 1974 988 2052 Italicis
1000 1973 1185 2051 codicibus
1196 1978 1404 2068 collectum,

395 2083 486 2164 brui
502 2071 538 2164 in
554 2089 648 2189 regia
664 2090 839 2165 Parifienli
863 2090 1096 2180 Bibliotheca,
1121 2090 1324 2168 audiveram
1339 2092 1403 2168 ali·

395 2207 506 2300 quanto
520 2204 637 2281 nescio
654 2233 729 2306 quo
743 2207 900 2283 auctore.
927 2209 1041 2283 Hunc
1054 2222 1264 2306 apparatum
1279 2206 1404 2286 frustra

395 2323 515 2417 quefiri
568 2324 825 2400 Colledtionem
844 2324 1068 2424 Bigotianam
1084 2351 1166 2424 quae
1178 2324 1307 2400 'multis
1322 2351 1403 2423 par·

394 2438 460 2516 ult
473 2443 725 2542 manuscriptis
741 2444 865 2520 libellis
881 2444 1098 2532 continetur,
1125 2443 1163 2519 in
1187 2444 1248 2519 illa
1269 2442 1402 2550 Biblio-

395 2554 470 2633 theca
493 2562 616 2636 nadtun
646 2560 746 2638 sum:
785 2560 932 2636 suntin
962 2587 1003 2636 ea
1032 2558 1137 2636 variae
1164 2559 1329 2635 lectiones
1356 2587 1403 2636 ex

395 2670 493 2750 Italicis
505 2675 687 2751 codicibus
703 2690 891 2775 excerptae,
915 2676 1067 2753 aliorum
1092 2675 1239 2775 quidem
1262 2677 1402 2752 nuno-

395 2809 453 2863 mnr
473 2792 560 2866 bene
590 2794 729 2880 multae,
757 2791 938 2869 Plutarchi
969 2794 1087 2868 nullae.
1139 2791 1306 2868 Instituta
1337 2790 1402 2879 est,

395 2897 527 2981 Breorrr
546 2921 720 3005 tempore,
738 2906 933 2983 Academia
949 2906 1236 3006 Inscriptionum.
1280 2908 1403 2982 Hero·

395 3037 441 3092 un
451 3018 501 3096 illa
515 3020 552 3096 in
571 3022 700 3100 Literis
716 3025 813 3123 apud
840 3025 962 3098 Gallos
987 3023 1148 3100 sucoeffio
1164 3048 1206 3095 ac
1221 3020 1403 3119 disciplina

395 3135 534 3226 nutam
550 3137 692 3214 defecit.
744 3141 967 3215 Dncsnrus
986 3143 1080 3213 Vitas
1096 3137 1215 3225 vertit,
1241 3163 1306 3212 nec
1324 3136 1339 3233 j

393 3245 557 3341 henum,
576 3252 633 3330 sed
650 3256 755 3352 plane
768 3256 916 3329 mortale
934 3272 970 3329 et
987 3253 1172 3329 infirmum
1188 3252 1336 3327 sonavit.

428 3365 544 3446 Nostro
562 3370 690 3446 saeculo
705 3368 805 3445 fuiffe
823 3370 968 3445 idoneos
980 3369 1063 3445 huic
1077 3368 1241 3444 editionis
1256 3367 1403 3468 negotio

394 3475 472 3574 Vltor,
486 3486 584 3584 apud
600 3488 764 3576 Batavos,
789 3485 988 3575 Britannos,
1016 3488 1225 3573 Germanos,
1251 3485 1331 3583 quis
1348 3484 1402 3581 ig-

393 3602 492 3676 notu?
516 3604 586 3677 Sed
608 3601 672 3702 qui
694 3605 761 3679 hoc
778 3604 938 3703 agitaret,
965 3618 1057 3678 certe
1079 3602 1263 3702 cogitaret,
1289 3600 1405 3674 nemi-t

391 3733 452 3790 tem
474 3716 640 3816 equidem
672 3717 755 3793 novi
781 3734 932 3816 excepto
958 3719 1004 3794 L.
1025 3720 1244 3804 Kusrsn03
1278 3713 1404 3813 quiin

325 3889 329 3924 7
390 3822 475 3907 Notis
499 3833 545 3907 ad
563 3831 838 3932 Aristophanem
864 3832 989 3933 Equit.
1015 3834 1100 3908 vers.
1126 3835 1232 3931 1096,
1258 3830 1404 3905 laudans

387 3937 485 4024 lsscum
502 3948 684 4024 Plutarchi
703 3950 762 4024 De
775 3953 951 4049 Praeceptis
969 3954 1065 4048 Reip.
1081 3951 1248 4035 Gerendae,
1266 3973 1303 4045 p.
1318 3950 1404 4047 807,

385 4055 445 4136 hnc
457 4064 553 4140 addit
570 4093 580 4140 t
607 4067 676 4141 Sed
695 4072 778 4140 locus
794 4067 845 4140 hic
858 4069 967 4141 mendo
983 4094 1042 4141 non
1058 4084 1170 4152 vacat,
1189 4083 1223 4139 ut
1240 4067 1289 4139 ad
1306 4064 1404 4162 ipsum

382 4174 587 4269 Phoebum,
600 4183 639 4275 st
649 4185 733 4278 fata
746 4185 898 4276 fiverint,
915 4184 1085 4284 aliquando
1103 4185 1298 4276 ulendemus.
1351 4185 1404 4254 At

376 4289 415 4365 de
428 4295 568 4371 consilio
584 4296 712 4370 efferto
725 4297 774 4370 nil
790 4297 960 4395 comperi.
1001 4302 1044 4372 In
1061 4297 1240 4374 Britannia
1258 4301 1405 4370 Virorum
1449 4369 1451 4374 ,

345 4441 347 4446 ’
373 4407 559 4486 editionem
584 4414 779 4489 Brennus
805 4413 998 4500 inchoavit,
1025 4417 1211 4490 Sonnnus
1232 4409 1403 4486 absolvit:

368 4524 410 4602 de
433 4551 508 4626 qua
530 4527 589 4605 hic
615 4552 688 4603 non
709 4527 760 4604 est
776 4528 917 4605 dicendi
938 4531 1048 4604 locus.
1102 4528 1233 4607 Nostra
1258 4528 1408 4603 demum

1460 4749 1531 4859 A
