3642 5492
621 629 1085 710 PRAEFnrtoi
1274 638 1375 715 xxvii

340 821 505 896 auctione
521 817 747 894 bibliothece
764 818 1021 899 Gronovianae:
1049 818 1207 895 indidem
1231 818 1300 897 suit
1325 824 1390 898 al··

314 995 316 997 ψ
342 937 448 1012 terius
463 933 648 1034 cujusdam
663 933 795 1009 codicis
811 934 955 1011 collatio
971 960 1056 1009 curn
1073 935 1146 1009 aliis
1163 936 1287 1011 libellis
1303 968 1312 1017 t
1340 953 1377 1013 et

344 1053 547 1149 exemplum
579 1053 916 1128 Srernnurnuunr
950 1077 1040 1125 cum·
1069 1054 1380 1128 emendationibus

343 1167 408 1241 Cr..
427 1171 651 1253 Snamnsrr,
666 1191 755 1263 quas
776 1171 873 1242 Aen.
893 1171 1135 1243 Gronovius
1153 1194 1237 1242 cum
1255 1173 1376 1244 Rnrs-

345 1307 414 1360 110
439 1281 777 1360 communicaverat.
811 1281 991 1358 -Vaticani
1018 1297 1053 1358 et
1084 1283 1234 1357 Palatini
1263 1286 1375 1359 varie-

341 1413 449 1472 tatem
467 1422 598 1495 magna
613 1396 794 1495 diligentia
806 1401 989 1494 excerpsit,
1015 1396 1203 1495 praesertim
1227 1398 1265 1472 in
1285 1404 1380 1498 Syma

339 1514 466 1610 pofiacis
488 1511 725 1607 Quaestiom'bus,
750 1536 814 1586 nec
839 1511 973 1586 minore
998 1510 1180 1610 diligentia
1197 1511 1375 1612 descripsit

342 1652 380 1701 ex
395 1628 492 1702 libro
507 1626 643 1703 Aldino
660 1628 718 1704 M.
730 1631 778 1701 Α.
797 1628 987 1712 Murrum,
1013 1625 1248 1700 Collationem
1271 1628 1374 1722 Jnu-

343 1766 582 1830 soranum,
599 1746 731 1818 Auens
745 1745 944 1839 Josnrrrus
964 1745 1209 1828 spirarent,
1226 1741 1279 1816 vir
1296 1767 1374 1839 per-

339 1858 479 1947 dostus,
508 1857 608 1932 edito
633 1883 745 1955 nuper
768 1857 999 1931 Anacreontis
1028 1856 1168 1931 vetusto
1193 1859 1373 1955 exempla·

341 1974 368 2046 ri
392 1974 440 2046 de
465 1972 656 2048 hominurn
679 1971 933 2072 elegantiorum
959 1971 1080 2049 studiis
1098 1974 1188 2046 bene
1213 1972 1371 2047 meritus.

343 2088 507 2186 Denique
522 2089 736 2165 accederunt
754 2087 892 2163 codices
909 2086 1098 2161 Britannici
1122 2111 1206 2161 cura
1222 2102 1258 2161 et
1274 2086 1374 2160 beni-

342 2204 494 2279 volentia
511 2201 704 2281 Illustrium
721 2204 1041 2280 Deneonrorrunr
1060 2202 1374 2279 Treoonnrirrm

344 2320 612 2406 Orournnsrs,
646 2317 684 2392 in
714 2317 836 2416 primis
864 2318 1074 2413 Jonnuurs
1106 2318 1373 2404 Rnnuonrrrr,

344 2434 416 2510 Viri
445 2439 541 2511 Rev.
574 2433 712 2533 egregia
739 2432 909 2508 doctrina
941 2448 976 2508 et
1010 2430 1240 2507 humanitatis
1269 2434 1373 2509 laude

344 2551 433 2639 clari,
458 2550 520 2626 cui
547 2549 744 2648 plurimum
767 2548 882 2623 nostra
907 2546 1029 2622 Editio
1054 2548 1171 2621 debet.
1223 2547 1373 2623 Codices

345 2669 538 2765 complures
553 2664 647 2752 sunt,
666 2663 847 2741 Harleiani
861 2678 896 2739 et
910 2662 1145 2751 Oxonienses;
1164 2662 1372 2762 excerpendi

345 2782 527 2882 negotium
556 2780 690 2856 idoneis
717 2778 923 2856 hominibus
955 2779 1178 2865 mandatum,
1210 2794 1372 2853 accurate

346 2899 545 2993 perastum:
573 2893 609 2969 in
625 2893 823 2970 Harleianis
847 2892 943 2969 libris
966 2892 1173 2968 inchoatum
1198 2920 1219 2965 a
1243 2892 1371 2969 dodis-

345 3014 426 3088 fimo
450 3012 649 3097 Wornro,
680 3007 754 3106 ejus
778 3006 880 3083 obitu
902 3008 1149 3095 intermissum,
1169 3008 1371 3087 absolutum

346 3125 391 3203 est
405 3127 554 3201 demum
571 3139 708 3221 reperto
724 3124 784 3200 cui
801 3125 892 3198 redte
910 3122 1205 3200 committeretur.
1258 3123 1372 3224 Igitur

346 3240 545 3317 varietatem
572 3265 696 3314 eorum
725 3240 908 3325 librorum,
939 3264 1048 3335 quam
1078 3236 1116 3313 in
1142 3239 1370 3318 Emendatio·

346 3358 444 3432 nibus
476 3360 604 3431 Graeco
633 3355 819 3433 contextui
847 3372 882 3430 et
913 3355 1049 3431 Latinae
1079 3357 1235 3431 Versroni
1263 3358 1371 3432 inter·

343 3472 450 3566 jectis,
476 3497 670 3548 memorare
687 3478 759 3544 non
775 3469 974 3569 potuimus,
1000 3471 1066 3544 suis
1089 3472 1173 3545 locis
1190 3473 1372 3547 exhibebi-

347 3614 420 3663 mus
446 3588 484 3661 in
511 3585 881 3662 Animadverfionibus
911 3602 946 3659 et
979 3586 1159 3662 Indicibus
1187 3588 1371 3662 Verianum

348 3702 569 3779 Leilionum.
596 3702 776 3776 Locorum
792 3726 915 3779 eorum
933 3728 1022 3800 quos
1038 3702 1241 3800 posteriores
1258 3701 1372 3802 Scrip·
1391 3729 1396 3739 ⁴

347 3833 446 3907 tores,
479 3815 662 3904 Eusebius,
688 3819 862 3903 Stobaeus,
888 3817 959 3904 alii,
987 3843 1006 3892 e
1035 3820 1229 3893 Plutarcho·
1245 3822 1372 3894 retule-

347 3950 437 4021 runt,
455 3932 628 4010 rationem
644 3957 665 4005 a
681 3957 738 4006 me
756 3931 916 4009 habitam
932 3934 1013 4017 effe,
1031 3957 1104 4008 non
1119 3932 1168 4011 est
1183 3938 1281 4032 quod
1294 3960 1371 4010 mo-

319 4075 325 4082 ·
348 4075 458 4123 neam.
501 4048 585 4123 Alia
599 4046 707 4122 etiam
724 4045 873 4123 subfidia
889 4049 944 4123 vel
962 4046 1068 4134 edita,
1086 4050 1139 4122 vel
1158 4051 1203 4121 ad
1223 4052 1374 4147 singulos

348 4164 525 4240 Plutarchi
544 4163 651 4237 libros
668 4162 871 4260 spectantia,
889 4161 1126 4261 intelligentur
1143 4190 1162 4237 e
1180 4169 1374 4240 recensione

348 4281 508 4376 proxima
523 4278 607 4354 huic
623 4276 831 4376 praesationi.
883 4278 1024 4353 Codicis
1041 4278 1208 4377 cujusque
1234 4305 1313 4377 quae
1333 4282 1374 4355 srt

347 4396 496 4482 bonitas,
524 4421 605 4492 quae
632 4393 833 4479 auctoritas,
859 4392 939 4490 quis
966 4391 1100 4468 fruitus
1127 4394 1172 4466 ad
1196 4394 1374 4468 Plutarchi

349 4535 493 4592 manum
508 4509 784 4619 scripturamque
802 4507 1062 4597 restituendam,
1088 4534 1172 4588 cum
1193 4508 1373 4592 infinitum
