3642 5492
662 671 1122 757 PRAEFATIO.
1351 682 1411 761 cxi

377 861 664 941 torrcstionibus.
717 863 833 964 Atqui
867 864 922 937 ha
951 864 1132 962 adscriptae
1164 881 1261 939 erant
1291 869 1444 943 exem-⁸

381 980 449 1077 plis
465 978 612 1062 Aldinis.
666 982 774 1079 Ergo,
800 982 824 1053 fi
849 979 975 1053 laboris
994 995 1035 1055 ac
1060 978 1411 1078 temporis'compen·

379 1097 491 1184 dium,
517 1110 560 1172 ut
582 1081 747 1171 credibile
768 1095 830 1184 est,
855 1096 965 1170 facere
981 1097 1108 1185 voluit,
1135 1097 1186 1170 ita
1201 1097 1273 1196 egit
1291 1115 1332 1173 ut
1349 1102 1411 1173 has

374 1213 607 1287 correctiones
628 1226 695 1285 aut
723 1210 933 1310 relinqueret
959 1209 996 1284 in
1024 1211 1158 1286 Aldino
1183 1216 1358 1310 exemplo,
1385 1217 1409 1288 sr

373 1325 525 1424 quidem
549 1325 760 1400 instructum
784 1324 825 1399 iis
847 1327 891 1399 ad
914 1324 1022 1399 usum·
1040 1323 1253 1423 repetitionis
1268 1331 1410 1402 chalco·
1432 1371 1435 1376 ·

369 1441 550 1539 graphica
569 1442 691 1515 narras
706 1459 791 1529 erat,
817 1440 924 1540 idque
943 1443 1171 1538 locupletaret
1188 1442 1254 1515 suis
1271 1461 1307 1516 et
1323 1443 1410 1517 alio·

370 1577 457 1630 rum
477 1555 553 1629 aliia
575 1555 872 1631 corretiionibus:
900 1570 975 1641 aut,
1002 1560 1025 1630 sr
1049 1560 1300 1631 tantummodo
1321 1583 1407 1654 apo·

370 1673 552 1769 graphum
579 1671 872 1766 Jannotianarum
902 1669 1159 1745 correctionum
1186 1669 1321 1743 seorsim
1346 1672 1407 1746 de·

370 1783 546 1881 scriptum
563 1786 728 1873 habebat,
754 1810 809 1858 eas
834 1783 952 1882 potius
972 1785 1009 1857 in
1022 1784 1197 1858 ¹Aldinum
1215 1810 1324 1882 quam
1342 1789 1407 1860 Ba·

378 1897 511 1972 filoense
527 1901 734 1996 exemplum
751 1898 1002 1973 transcriberet.
1248 1929 1254 1940 ’

420 2014 508 2101 Sed,
530 2016 631 2112 quod
646 2013 814 2100 diximus,
831 2013 1004 2111 ¹plurimae
1025 2012 1240 2087 mutationes
1268 2038 1290 2086 a
1314 2018 1407 2088 Sra·
1453 2043 1458 2050 ·

388 2148 517 2204 rutero
535 2129 573 2203 in
589 2130 739 2203 Moralin
756 2131 881 2203 Graeca
901 2128 1011 2202 illatas
1035 2130 1101 2201 effe
1125 2154 1171 2201 ex
1188 2129 1408 2225 Jannotiania

392 2242 664 2330 comestionibus,
678 2243 890 2317 demonstrat
904 2241 1072 2316 mirificus
1082 2258 1312 2341 utrarumque
1322 2268 1408 2317 oon·

362 2382 366 2390 ·
397 2354 493 2432 senfin
507 2356 673 2432 omnibus
690 2355 726 2432 in
745 2355 829 2432 locis
844 2384 929 2432 cum
946 2356 1174 2454 probabiliter
1189 2373 1269 2432 tum
1284 2383 1407 2456 perpe-

397 2492 455 2545 tarn
477 2472 635 2546 mutatis.
690 2475 746 2547 Ex
774 2473 841 2546 hoc
870 2471 1046 2569 postremo
1075 2498 1200 2571 genere
1228 2475 1324 2548 locos
1350 2473 1407 2549 hic
1518 2493 1535 2514 ⁸

398 2584 584 2660 excitemus.
638 2586 773 2661 Illustre
802 2588 1005 2683 exemplum
1034 2587 1165 2684 protuli
1193 2588 1407 2684 supra,=Ca·

400 2696 455 2796 pite
471 2703 519 2787 ll,
535 2701 640 2796 hujus
657 2699 873 2774 Praefationis
889 2725 935 2773 ex
949 2700 1066 2775 libello
1081 2705 1149 2797 Περὶ
1165 2708 1217 2776 τοῦ
1229 2709 1319 2779 nostr
1332 2710 1407 2798 liral-

402 2840 445 2894 εις·
461 2841 498 2913 p.
515 2841 622 2913 1130,
640 2816 691 2920 Ι),Ι
712 2816 811 2913 quod
827 2814 884 2890 hic
900 2831 1052 2913 repetere
1067 2816 1118 2889 nil
1133 2817 1273 2891 attinet.
1326 2820 1408 2893 Alia

325 2959 327 2964 ·
401 2933 513 3007 exstant
529 2959 602 3008 non
618 2933 735 3006 minus
751 2932 905 3006 illustria.

440 3049 490 3122 De
505 3052 639 3122 Solertrir
656 3051 859 3134 Animalium,
878 3072 914 3144 p.
931 3073 1015 3144 990,
1031 3048 1071 3132 B,
1089 3073 1161 3121 vox
1178 3050 1270 3145 lupa
1285 3074 1407 3147 perpe·

401 3178 459 3235 rm
480 3161 517 3236 in
539 3168 668 3259 α’νὸμοια
690 3176 841 3249 mutata,
868 3184 914 3235 ex
935 3162 1150 3256 Jannotiano
1172 3163 1324 3238 maxime
1345 3191 1407 3239 ex·

402 3278 509 3374 empto.

440 3393 489 3469 De
505 3397 604 3469 Facie
618 3400 650 3470 in
669 3397 756 3470 Orbe
773 3398 886 3482 Luna,
909 3420 946 3492 p.
960 3422 1044 3493 941,
1071 3398 1121 3484 D,
1145 3396 1327 3472 Editiones
1342 3400 1406 3472 Al-

402 3500 466 3580 tlira
478 3531 518 3583 ac
533 3512 738 3597 Bafileensrs,
756 3510 842 3583 item
854 3509 992 3585 codices
1009 3510 1124 3609 scripti
1138 3512 1245 3586 nostri
1263 3515 1407 3600 habent,

404 3620 484 3710 ἷξῶιι
505 3631 558 3720 μὶν
581 3625 644 3727 peip
666 3630 812 3700 οἶποπλεῗν
836 3626 933 3698 οἴκαδε
956 3628 1008 3705 cair
1029 3631 1070 3721 τῷ
1095 3632 1155 3721 Sta}
1176 3631 1409 3729 τρισκαιδεκάτῳ
1450 3628 1464 3648 ’

401 3743 675 3841 emendamur.
717 3740 934 3815 Lrorucos
959 3738 997 3813 in
1016 3738 1170 3838 margine
1189 3740 1341 3837 exempli
1358 3740 1408 3814 sui

401 3851 505 3928 Aldini
519 3854 606 3930 illud
623 3859 854 3958 τρισκαιδεκάτῳ
870 3855 1039 3954 corrigere
1065 3855 1215 3929 tentavit
1239 3855 1411 3955 adscripta

398 3963 452 4040 hic
472 3973 593 4044 notula
617 3973 808 4071 τρισκαίδεκα
833 3976 881 4049 ian
905 3972 925 4049 ri
949 3973 1135 4074 cprriaorra:
1167 3972 1407 4047 STssPHANUS
1459 4004 1462 4008 ·

397 4105 459 4157 non
473 4084 749 4159 animadvertens
767 4083 1008 4180 particulamrl
1026 4083 1113 4158 illud
1130 4083 1192 4159 sibi
1209 4088 1295 4160 velle
1308 4088 1409 4159 alter·

394 4213 467 4271 utro
489 4202 597 4275 modo
624 4198 870 4299 corrigendum
897 4204 977 4287 effe,
1006 4216 1199 4301 utrumque
1228 4229 1313 4276 cum
1340 4202 1411 4297 ipsa

391 4313 551 4408 particula
567 4318 600 4402 t,
625 4330 668 4388 ut
693 4339 811 4390 veram
836 4316 1035 4423 lectionem,
1061 4316 1098 4390 in
1122 4334 1332 4392 contextum
1358 4318 1410 4391 in·

391 4426 480 4504 tulit.

431 4544 527 4645 Ergo
541 4545 739 4645 principem
754 4547 996 4648 Stephanianae
1009 4548 1313 4646 lectionissontem
1329 4577 1410 4627 cen·
