3642 5492
661 585 1127 686 ianuario
1340 604 1412 685 uu

368 757 480 872 obiit}
531 793 619 892 Qro
643 788 754 889 magis
777 787 935 866 nostrum
960 786 1022 875 est',
1049 786 1128 861 talis
1153 786 1412 885 tantiqueviri,

372 923 419 984 et
442 909 478 982 iu
499 909 570 981 boc
593 906 805 980 Plutarcheo
822 901 938 977 studio
955 905 1050 1000 quasi
1072 902 1255 977 decefforis
1271 930 1312 977 ac
1327 907 1413 979 doc-

377 1021 466 1099 toris
489 1019 609 1108 nostri,
637 1017 845 1099 memoriam
873 1042 958 1100 cum
987 1016 1222 1100 benivolentia
1248 1032 1284 1093 et
1311 1035 1414 1130 grato
1530 1080 1542 1091 .

377 1133 499 1224 auimo
513 1133 690 1242 usurpare.
762 1231 773 1261 x

874 1390 882 1409 .
911 1336 946 1411 8.

620 1463 673 1530 De
687 1461 828 1550 Stephani
841 1339 977 1530 {ditione
990 1461 1072 1527 Anni
1087 1479 1178 1551 ¹572·
1194 1505 1197 1510 -

428 1597 602 1677 'Venimus
626 1597 674 1671 ad
698 1596 971 1693 Stephanianam
997 1596 1218 1686 Editionem,
1248 1624 1341 1697 qua,
1366 1627 1412 1678 ex

412 1736 465 1810 quo
484 1712 625 1813 prodiit,
654 1709 929 1817 emendatissima
954 1710 1165 1786 Editionum
1192 1713 1311 1788 habita
1335 1716 1413 1806 est3

409 1845 444 1904 nt
454 1833 490 1905 ab
503 1855 544 1904 eo
560 1828 644 1904 inde
660 1841 818 1926 tempore
841 1842 876 1901 et
891 1854 1023 1902 nomen
1039 1830 1192 1928 vulgatae
1209 1844 1245 1903 et
1261 1830 1412 1905 austori-

418 1961 497 2023 tatem
510 1945 715 2023 obtinuerit.
768 1947 869 2035 Sane,
895 1950 1018 2021 multa
1040 1946 1076 2023 in
1097 1974 1138 2021 ea
1154 1947 1312 2045 priorum
1328 1949 1415 2023 Edi·

420 2061 523 2139 tiorum
538 2062 745 2160 corruptelae
771 2063 808 2135 in
832 2061 957 2135 melius
981 2078 1128 2137 mutata
1146 2062 1237 2137 sunt.
1289 2066 1358 2138 Sed
1373 2078 1418 2139 ut

414 2172 447 2249 in
456 2201 626 2276 corporum
650 2176 782 2251 morbis
806 2176 944 2251 Medici
969 2175 1182 2253 sanationem
1199 2192 1326 2252 vocant
1345 2203 1439 2251 non·

425 2310 497 2373 omne
509 2293 666 2367 levamen
687 2316 768 2389 qua
791 2288 976 2389 aegrotanti
995 2289 1195 2365 meliuscule
1212 2291 1267 2377 fit,
1293 2289 1351 2363 sed
1376 2290 1417 2363 il-

424 2401 466 2475 lud
475 2430 535 2502 quo
551 2405 677 2480 sanitas
694 2403 905 2479 restituitur:
924 2403 976 2477 ita
993 2403 1116 2480 Critici
1131 2403 1417 2479 emendationem

424 2519 559 2613 appeltam
585 2544 660 2593 non
683 2542 826 2591 omnem
844 2518 1080 2594 mutationem
1104 2543 1176 2617 qua
1199 2520 1297 2592 locus
1313 2517 1418 2591 vitio·

424 2628 460 2704 lus
471 2634 581 2711 melior
596 2636 638 2709 fit
656 2659 766 2733 quam
781 2648 883 2708 antea
899 2631 1025 2721 suerat,
1051 2632 1110 2709 sed
1134 2659 1205 2732 qua
1227 2632 1278 2709 ita
1294 2632 1418 2707 melior

423 2744 451 2819 fit
467 2765 500 2826 ut
522 2748 687 2838 Austoris
709 2748 877 2846 scriptura
897 2747 1057 2823 restituta
1076 2748 1249 2824 videatur.
1303 2746 1419 2848 Atqui
1548 2806 1556 2821 .

344 2907 347 2918 ·
424 2862 487 2941 hane
500 2869 638 2942 laudem
655 2865 898 2964 Stephanianae
914 2864 1060 2940 editioni
1077 2891 1149 2943 non
1165 2865 1252 2940 item
1268 2865 1419 2941 tribuere

425 2982 581 3075 posumus.
633 2983 733 3056 Nam
749 3007 864 3080 quum
888 2980 1003 3053 omnis
1017 2979 1270 3055 emendationis
1287 2981 1421 3079 duplex

425 3097 453 3168 lit
467 3097 544 3188 lons,
566 3113 699 3174 veteres
721 3096 800 3171 libri
824 3112 860 3171 et
885 3096 1098 3199 conjectura,
1121 3122 1162 3170 ac
1179 3100 1420 3173 Saarnauus

424 3224 544 3316 utroque
568 3220 609 3292 slt
635 3215 716 3293 usus
731 3248 744 3304 3
770 3214 858 3314 quid
880 3218 926 3294 ab
943 3231 1096 3314 utroque
1113 3213 1271 3297 sumtum
1287 3216 1328 3300 lit
1344 3237 1423 3288 raro

426 3348 640 3423 memoratum
681 3334 894 3412 mutationes
927 3334 1051 3408 multa
1085 3333 1182 3408 nulla
1218 3331 1346 3407 idonea
1376 3331 1438 3404 de.

426 3451 511 3525 mussa
531 3470 708 3558 receptae3
733 3449 907 3548 plurima,
937 3452 1031 3526 nulla
1056 3451 1093 3525 in
1121 3448 1424 3525 Annotationibus

428 3552 707 3645 [mamentianos
734 3564 813 3639 libri
838 3580 971 3650 veteres
996 3592 1068 3640 non
1091 3565 1215 3640 diserte
1237 3591 1277 3640 ae
1297 3561 1424 3662 perspi,

428 3694 472 3749 ote
494 3681 535 3754 ad
562 3680 755 3780 legentium
785 3681 949 3757 notitiam
975 3682 1156 3782 fignificatl
1182 3707 1223 3756 ac
1244 3677 1424 3779 designati,
1523 3747 1533 3762 ,

428 3780 467 3860 sed
485 3792 635 3868 universe
661 3810 696 3868 et
724 3794 850 3883 obiter,
877 3798 901 3870 fi
928 3798 1084 3895 quando,
1109 3814 1252 3870 veterum
1276 3785 1426 3867 librorum

428 3909 539 3985 umbe
557 3909 684 3999 notati,
708 3926 750 3985 ut
770 3926 865 3986 totus
881 3911 939 3986 hic
956 3912 993 3987 ln
1010 3909 1243 4016 stephaniam
1259 3906 1426 3984 Editione

429 4013 484 4097 fons
496 4027 640 4103 dubiam
656 4043 693 4102 et
710 4029 891 4103 obscuram
910 4032 1037 4106 habeat
1052 4026 1310 4109 austoritatem,
1359 4025 1429 4100 sed

430 4129 578 4243 hecquo
606 4143 742 4243 plenius
771 4146 1033 4244 accuratiusque
1062 4143 1324 4245 intelligantur3
1357 4140 1428 4241 pri·

433 4271 506 4334 mum
529 4264 574 4338 de
601 4279 756 4351 externa,
784 4278 864 4341 tum
889 4264 934 4340 de
957 4261 1106 4354 interna,
1130 4260 1210 4337 libri
1232 4258 1366 4339 ratione
1387 4280 1429 4329 ac
1470 4337 1473 4342 .

435 4366 676 4458 (lotedieamus.

470 4486 590 4580 ltodiit
620 4493 696 4568 hac
728 4489 836 4568 editio
864 4496 1030 4583 Gencvae,
1059 4518 1151 4571 anno
1184 4516 1289 4594 1572,
1320 4486 1434 4569 sonna
