3642 5492
652 649 1119 728 PRAEFATIO.
1320 657 1403 732 cxiii

408 826 571 909 ubisitiosae
590 832 670 908 sunt
688 833 818 932 priores
835 836 1019 925 editiones,
1037 838 1097 911 De
1114 838 1198 932 Istde
1215 857 1246 912 er
1264 843 1401 934 Ostride,

406 961 432 1037 P·
445 951 506 1048 333,
530 952 574 1037 F,
600 953 746 1046 κινῦμενον
770 956 876 1040 deicit,
895 954 994 1050 quod
1013 979 1134 1027 Omnes
1153 954 1231 1027 llbrl
1254 956 1402 1053 habent,

404 1059 616 1154 irrrnnuus,
641 1083 683 1140 ut
709 1064 880 1141 sententia
903 1069 1024 1141 saltem
1048 1070 1215 1166 quaedam
1237 1068 1398 1159 exstaret,

400 1178 511 1253 muniit
536 1179 574 1255 in
598 1185 744 1276 κινέμενον
769 1187 805 1262 o‘e
829 1190 892 1256 δεῖς
920 1199 955 1256 at
981 1208 1061 1256 vera
1082 1184 1186 1258 lestio
1213 1185 1400 1259 obliterata

398 1310 446 1365 ent
464 1299 604 1392 asspiro
632 1299 727 1383 λείως,
754 1298 984 1394 quodetiam
1011 1302 1225 1372 Rarsxrus
1249 1300 1395 1375 viderat.

397 1399 448 1478 Ubi
467 1407 550 1484 sanz
579 1409 660 1485 sunt
688 1410 819 1509 priores
845 1412 1029 1502 editiones,
1061 1429 1181 1486 tamen
1210 1415 1397 1512 aliquoties

394 1536 434 1595 ut
446 1528 636 1623 corruptela
651 1549 713 1602 aut
730 1524 811 1601 falsa
833 1529 1002 1603 correctio
1030 1528 1175 1603 indubia
1201 1531 1392 1627 reperitur:

393 1639 551 1714 antem
565 1642 718 1715 Numinis
735 1646 898 1732 Virdicta,
923 1671 958 1742 p.
975 1649 1059 1744 548,
1079 1648 1120 1732 Β,
1146 1645 1328 1721 invectum
1345 1647 1395 1721 est

392 1751 488 1850 iirpro
504 1762 581 1851 iqis:
610 1773 646 1830 et
662 1783 699 1855 p.
714 1762 799 1858 556,
817 1764 865 1847 A,
882 1764 983 1840 οἰνοῦς
1001 1786 1066 1858 pro
1083 1766 1180 1842 Ἰνοῦς.

422 1865 531 1946 Paucae
559 1871 640 1946 sunt
674 1874 917 1970 Stephanianae
949 1875 1114 1950 lectiones
1144 1876 1232 1974 quin
1258 1901 1314 1950 eas
1348 1901 1394 1951 ex

390 1981 515 2085 quinque
533 1986 599 2062 illis
616 1990 726 2063 modo
743 1990 945 2064 memoratis
964 1990 1122 2066 lontibus
1148 1991 1274 2089 petitas
1290 1992 1392 2065 intel·

389 2094 510 2177 ltrerim.
546 2105 724 2201 Exempla
740 2131 780 2179 ac
798 2107 1015 2180 documenta
1032 2105 1137 2180 nostri
1148 2105 1288 2201 judicii,
1305 2133 1392 2180 una·

387 2235 507 2314 queque
529 2218 601 2294 fere
632 2218 756 2295 nostra
785 2220 962 2296 Editionis
989 2222 1118 2320 pagina
1143 2219 1183 2293 iis
1207 2219 1270 2318 qui
1292 2223 1395 2318 plura

385 2327 558 2423 tiridatem,
584 2335 769 2432 prabebit.
823 2339 921 2410 Nam
948 2336 1065 2412 sedulo
1090 2361 1234 2433 operam
1251 2335 1334 2409 dedi
1349 2351 1391 2409 ut

383 2451 596 2538 nevernum,
623 2475 687 2525 nec
713 2451 852 2549 syllaba,
871 2479 937 2526 nec
961 2478 1033 2525 una
1050 2453 1138 2525 adeo
1157 2450 1255 2525 litera
1272 2450 1308 2524 in
1326 2452 1391 2524 hac

382 2559 472 2638 nostra
485 2565 601 2640 Graeci
620 2565 745 2665 Operis
762 2567 931 2642 Editione
949 2568 1216 2666 exprimeretur,
1239 2569 1327 2667 quin
1346 2570 1390 2641 de

381 2670 498 2754 iismihi
514 2681 688 2756 constaret
709 2697 833 2757 utrum
858 2710 879 2756 a
904 2686 1121 2758 Srnrnxuo
1148 2682 1288 2781 aliisque
1313 2708 1389 2758 cor·

381 2793 546 2872 rectoribus
568 2823 614 2871 an
643 2800 689 2871 ab
711 2797 867 2898 antiquis
891 2798 986 2871 libris
1014 2800 1121 2872 essent
1146 2798 1325 2894 profesta,
1353 2813 1390 2871 et

378 2911 494 3004 qualem
510 2914 660 2988 omnino
676 2932 919 3014 quantamque
940 2916 1109 2988 haberent
1126 2915 1387 2988 auctoritatem.

377 3021 594 3106 strennuus
624 3035 758 3106 nullam
784 3031 957 3106 rationem
987 3033 1152 3116 ducebat,
1184 3056 1228 3102 ex
1254 3028 1391 3102 librisne

376 3135 486 3238 seriptis
511 3171 557 3219 an
588 3147 789 3243 conjedtura
816 3161 974 3220 manaret
1003 3165 1093 3219 rtova
1115 3145 1219 3219 leelio
1231 3177 1243 3231 ;
1280 3146 1391 3220 modo

372 3257 543 3350 probabilis
558 3261 749 3336 videretur.
801 3261 923 3336 Veluti
949 3261 1007 3335 illa
1029 3263 1234 3335 lacunarum
1252 3259 1390 3358 supple-

373 3389 473 3450 menta
488 3374 525 3450 in
545 3380 742 3476 Symprfiacis
759 3377 954 3452 maximam
970 3376 1058 3474 saepe
1076 3378 1208 3451 habent
1224 3377 1390 3450 verisimi-

370 3481 553 3579 tudinem,
581 3490 671 3589 saepe
697 3492 867 3589 ejusmodi
891 3492 984 3579 sunt,
1010 3508 1052 3567 ut
1078 3517 1202 3566 eorum
1226 3493 1305 3566 loco
1325 3492 1390 3564 alia

371 3599 458 3704 longe
474 3607 709 3682 verisimiliora
724 3608 918 3707 excogitari
936 3610 1076 3706 poffmt.
1120 3611 1240 3707 Qrare
1257 3606 1389 3679 ineam

371 3709 500 3796 inducor
525 3721 736 3796 sententiam
764 3740 805 3796 ut
833 3724 974 3799 credam
1000 3722 1057 3796 illa
1079 3721 1321 3818 supplementa
1344 3747 1391 3796 ex

370 3827 492 3932 ingenio
511 3840 708 3914 Tunuaar
730 3838 892 3926 fluxisse3
919 3838 1105 3936 prasertim
1122 3857 1238 3933 quum
1259 3835 1294 3908 in
1321 3836 1389 3910 istis

369 3945 482 4028 hornis
504 3953 612 4028 nostri
639 3954 777 4031 codices
804 3955 934 4054 scripti,
958 3981 1048 4055 quos
1071 3969 1106 4027 et
1131 3957 1330 4050 complures
1354 3974 1390 4029 et

370 4063 517 4166 &liquos
531 4070 775 4160 adhibuimus,
792 4070 1025 4146 consentiant.

410 4179 515 4282 Igitur
536 4211 675 4274 eorum,
702 4213 783 4285 quae
804 4187 973 4275 diximus,
1001 4187 1137 4260 summa
1160 4203 1195 4260 et
1214 4189 1390 4261 conclusio

371 4291 437 4370 hec
449 4297 515 4373 est:
544 4303 803 4376 Sreaunuum
820 4305 954 4376 multos
975 4305 1069 4375 locos
1086 4305 1175 4375 bene
1194 4302 1389 4386 correxisse,

372 4413 485 4490 multos
506 4443 687 4517 perperam
714 4422 877 4508 mutasse,
903 4436 1138 4516 utrorumque
1166 4420 1325 4491 locorum
1349 4444 1390 4489 ac

375 4521 510 4606 nodum
533 4533 659 4610 diserta
685 4533 934 4634 significatione
963 4533 1161 4608 omittenda
1186 4531 1389 4629 scripturam

424 4667 505 4722 vot.
524 4673 550 4726 r.
864 4650 889 4722 h
