3642 5492
618 639 1087 728 PRAEFATIO.
1280 645 1368 724 xxxi

335 833 470 939 aliquot
495 834 629 912 menses
654 833 863 909 defiderium
886 832 1021 931 pristini
1046 829 1184 930 operis:
1216 831 1371 908 succedit

337 954 518 1056 cogitatio,
541 965 720 1051 quantum
742 950 827 1042 boni
850 949 888 1022 in
914 948 977 1024 ista
992 949 1084 1024 mole
1101 948 1234 1033 inesset,
1261 949 1373 1023 modo

340 1073 563 1171 digereretur.
620 1066 823 1153 Enimvero,
855 1062 1016 1162 inquam,
1050 1062 1220 1158 ejusmodi
1245 1061 1371 1161 adipis-

338 1188 453 1262 cenda
482 1184 587 1260 molis
609 1183 683 1281 spes
709 1198 748 1256 te
773 1181 958 1256 Lutetiam
986 1182 1118 1256 traxit:
1151 1207 1261 1279 quam
1283 1197 1324 1255 tu
1345 1181 1370 1256 sr

341 1298 392 1376 illo
410 1316 576 1399 tempore
592 1314 627 1372 et
643 1298 723 1372 loco
739 1298 862 1371 nudus
879 1298 975 1384 esses,
1001 1313 1043 1371 ut
1067 1313 1101 1370 te
1124 1294 1261 1371 felicem
1280 1321 1371 1394 pra·

340 1413 500 1490 dicaffes!
535 1415 658 1499 Nunc,
684 1436 799 1509 quum
823 1409 921 1509 longi
947 1410 1114 1507 temporis
1138 1411 1255 1484 labore
1280 1413 1372 1490 hanc

337 1529 507 1623 jatturam
523 1524 812 1623 compensaveris,
832 1526 964 1598 molem
981 1524 1160 1598 meliorem
1177 1525 1284 1598 etiam
1302 1523 1371 1622 ipse

341 1644 403 1719 tibi
419 1642 641 1743 congesseris,
658 1659 700 1716 tu
717 1656 860 1717 tantum
877 1643 1014 1715 bonum
1031 1638 1211 1738 defugies?
1236 1646 1370 1715 Timoli

342 1766 370 1841 si
387 1754 577 1866 regredimini
593 1764 721 1863 simper
737 1761 819 1833 ἆλλὸ
837 1765 907 1833 uor’
923 1763 1030 1839 ἕτληςτ
1052 1756 1192 1832 duriora
1207 1772 1242 1831 et
1258 1759 1373 1854 paffus

341 1901 373 1951 es
397 1894 434 1951 et
458 1874 625 1975 superasti
648 1875 686 1949 in
708 1870 935 1948 conficiendis
951 1870 1144 1947 Indicibus.
1196 1874 1289 1947 Hac
1314 1900 1373 1947 me

344 1989 511 2091 cogitatio
527 1987 777 2065 incredibiliter
800 1987 910 2063 erexit
936 2003 972 2061 et
997 2014 1081 2061 cum
1098 1987 1214 2062 studio
1233 1990 1382 2063 Plutus-¹

343 2109 434 2182 theae
460 2104 625 2180 editionis
649 2103 685 2178 in
710 2103 858 2203 gratiam
880 2101 1032 2177 reduxit.
1085 2104 1273 2177 Admoveo
1298 2127 1373 2176 ma·

345 2245 429 2295 num
444 2218 564 2320 operi:
593 2221 702 2295 moles
714 2218 906 2315 paulatima
919 2218 1062 2316 peritur,
1079 2231 1261 2317 purgatur,
1280 2217 1373 2292 ordi·

350 2348 458 2409 natur.
510 2334 645 2432 Estque
670 2336 746 2408 haec
772 2333 882 2408 totius
909 2334 1126 2408 Plutarcheae
1155 2332 1307 2407 materia
1334 2358 1376 2407 ea

350 2475 434 2548 pars,
450 2474 532 2549 quae
550 2449 662 2547 prima
681 2449 727 2523 ad
743 2449 963 2546 vulgandum
981 2467 1100 2545 parata
1115 2447 1219 2522 suerit
1238 2478 1246 2522 :
1274 2448 1375 2545 cujus

350 2564 449 2662 pertis
465 2564 623 2639 delettus
638 2580 675 2637 et
691 2567 788 2663 quali
807 2566 873 2638 flos
898 2562 936 2636 in
960 2562 1021 2636 his*
1033 2563 1191 2663 quinque
1210 2564 1373 2639 Volumi-

351 2680 446 2755 nibus
464 2677 588 2753 exstat.

392 2794 460 2868 Sed
487 2794 586 2867 labor
611 2793 650 2899 in
675 2809 753 2868 tota
778 2795 843 2866 hac
864 2790 1031 2866 Editione
1047 2794 1264 2883 consumtus,
1291 2795 1375 2870 licet

352 2908 467 2983 multis
490 2900 840 3005 partibus'molestus
863 2906 996 2993 luerit3
1023 2912 1138 2983 multo
1160 2924 1280 2984 tamen
1297 2937 1374 2985 mo-

352 3023 496 3109 lestiores
511 3024 653 3097 suerunt
670 3020 925 3121 reprehensores
947 3022 1083 3096 laboris.
1136 3026 1283 3099 Horum
1307 3026 1375 3099 du-

351 3143 427 3237 plex
443 3138 514 3215 filit
530 3162 652 3239 genus,
675 3140 824 3214 dodum
838 3154 875 3213 et
893 3136 1091 3214 indusium.
1144 3140 1283 3215 lndosli
1306 3138 1377 3215 fere

352 3278 403 3327 me
419 3254 673 3341 admonebant,
693 3278 738 3325 ne
756 3251 826 3351 ipse
844 3277 900 3326 me
916 3253 963 3325 ad
977 3253 1109 3327 durum
1126 3278 1215 3353 opus
1231 3256 1377 3331 damna-

351 3391 432 3458 rem,
449 3366 534 3443 ritae
551 3367 778 3442 suavitatibus
792 3367 979 3465 privarem.
1026 3368 1168 3469 Qribus
1186 3386 1227 3444 ut
1244 3371 1379 3469 aliquid

352 3503 550 3583 reponerem
573 3484 672 3581 quod
694 3498 868 3580 caperent,
894 3481 1069 3571 dicebam,
1095 3500 1130 3557 et
1148 3484 1238 3582 ipsos
1253 3485 1379 3558 habere

352 3598 407 3673 sua
424 3599 697 3684 obteuamenta,
713 3596 774 3671 sua
790 3596 916 3683 studia,
934 3596 1064 3694 quibus
1082 3623 1102 3670 a
1119 3597 1329 3697 quotidiano
1347 3597 1381 3671 se

350 3738 452 3812 opere
470 3728 688 3787 recrearent:
715 3716 784 3786 hoc
800 3735 922 3787 meum
942 3711 1030 3785 mihi
1047 3714 1119 3785 resse
1144 3712 1380 3787 obleetamen·
1466 3715 1469 3726 '

351 3845 442 3917 tum,
460 3852 584 3903 meum
602 3826 771 3912 studium,
796 3825 833 3899 in
857 3850 931 3925 quo
955 3842 1096 3923 tempus
1113 3850 1134 3897 a
1151 3824 1304 3899 muneris
1320 3849 1380 3899 oc-

351 3941 601 4040 cupationibus
635 3940 786 4016 liberum
814 3938 962 4014 suaviter
997 3942 1227 4038 transigerem.
1279 3941 1381 4016 Tum

351 4078 434 4130 vero
449 4052 569 4130 minus
586 4055 693 4128 etiam
710 4054 907 4152 oapiebant,
930 4056 1033 4153 quale
1049 4056 1117 4129 hoc
1134 4058 1229 4141 esset,
1255 4054 1383 4130 laboris

350 4170 602 4246 relaxationem
627 4169 664 4244 in
689 4170 757 4243 alio
778 4169 897 4244 labore
923 4193 1101 4267 quarere:
1135 4169 1264 4243 mentis
1287 4193 1382 4243 mor·

351 4285 442 4361 bum
470 4283 602 4360 subesse
628 4287 819 4382 putabant,
850 4284 1048 4359 miserantes
1074 4310 1132 4359 me
1161 4301 1202 4358 ut
1232 4287 1384 4361 alterum

353 4397 809 4477 Heautontimorumenum
834 4398 896 4473 illo
923 4398 992 4473 sere
1016 4399 1114 4485 disto
1136 4399 1382 4489 dimittebant,

356 4521 410 4589 Aa
432 4518 572 4617 ntiquom
594 4518 635 4611 <st
656 4516 724 4616 usus
747 4515 878 4603 bomini,
892 4518 933 4615 se
956 4532 992 4590 ut
1010 4520 1138 4595 cruciet.
1189 4515 1299 4594 Daui
1315 4513 1383 4590 ini·
