3642 5492
667 575 1129 695 anrnrro
1334 625 1416 699 nu

375 800 518 883 dentis
544 804 659 879 officia
685 804 915 903 probabiliter
938 804 1123 902 explevisse
1152 804 1241 879 mihi
1266 807 1413 896 viderer,

391 917 479 993 nolui
497 922 563 994 hoc
578 947 694 994 unum
718 920 904 1018 negligere.
956 922 1022 994 Sed
1042 947 1156 1017 quum
1175 921 1413 1021 intelligerem,

401 1037 499 1111 multis
514 1038 602 1113 mihi
620 1064 664 1113 ex
682 1038 743 1111 illo
768 1065 892 1137 genere
919 1038 1012 1112 libris
1038 1041 1229 1113 carendum
1246 1039 1342 1127 fore3
1369 1066 1415 1114 eo

408 1153 488 1251 mgis
503 1180 647 1253 operam
664 1154 760 1240 dedi,
786 1172 827 1228 ut
844 1154 1014 1252 plurimos
1033 1154 1255 1252 optimosque
1272 1157 1412 1228 codices

411 1265 520 1368 scriptos
547 1292 653 1347 antea
681 1272 842 1346 nondum
872 1272 1048 1346 adhibitos
1073 1272 1108 1345 in
1136 1273 1239 1345 usum
1266 1295 1411 1345 conver-

412 1396 489 1461 terem
512 1414 646 1463 meum.
699 1391 867 1487 Cumque
898 1388 983 1461 item
1017 1388 1261 1486 intelligerem,
1295 1414 1410 1486 neque

411 1500 540 1578 codicum
557 1528 714 1603 quorum
726 1506 851 1577 vellem
869 1504 1032 1578 omnium
1048 1504 1187 1601 copiam
1205 1504 1292 1579 mihi
1310 1505 1408 1579 futu-

411 1639 469 1706 ram,
492 1647 607 1719 neque
635 1647 716 1719 quae
745 1622 972 1694 desiderarem
1001 1620 1120 1692 omnia
1151 1647 1196 1693 ex
1228 1620 1410 1695 codicibus

410 1731 460 1826 peti
472 1738 560 1831 posse
574 1769 587 1824 ;
613 1761 657 1807 eo
673 1735 842 1830 majorem
866 1761 1000 1822 curam,
1026 1734 1245 1822 industriam,
1271 1736 1408 1811 assidui·

412 1861 488 1922 tatem
503 1849 540 1923 in
556 1874 599 1922 eo
615 1848 729 1947 posui,
755 1868 796 1923 ut
824 1848 1091 1922 Emendationis
1112 1864 1218 1946 atque
1236 1854 1408 1947 Interpre-

412 1963 516 2041 trtiouis
533 1967 651 2066 copias
669 1995 749 2042 meo
767 1968 836 2066 ipse
859 1968 1084 2065 consequerer
1102 1993 1141 2040 ac
1159 1970 1410 2064 locupletarem

413 2074 502 2155 sudio.
552 2085 639 2182 Qro
663 2082 809 2180 quidem
836 2082 953 2157 studio
980 2109 1038 2156 me
1064 2082 1197 2180 aliquid
1217 2082 1408 2179 profecisse,

413 2193 543 2271 tffirmare
576 2197 646 2297 ipse
681 2225 753 2272 non
782 2199 936 2273 dubito:
981 2213 1159 2294 quantum
1187 2196 1407 2295 profecerim,

414 2303 479 2382 <ledi
490 2313 632 2385 lettores
644 2311 871 2406 judicabunt.

445 2424 512 2500 Hoc
537 2440 592 2501 tot
616 2452 790 2500 annorum
816 2454 906 2524 opus
931 2430 1075 2525 quando
1093 2430 1170 2525 jam
1187 2454 1230 2501 eo
1246 2428 1407 2526 perduxi,

416 2547 442 2607 ll
453 2543 577 2615 landem
596 2540 633 2614 in
650 2542 835 2639 publicum
857 2544 1019 2640 prodeat,
1037 2542 1179 2641 ejusque
1195 2543 1317 2631 editi0,
1335 2544 1408 2616 nes-

414 2646 451 2722 0'0
462 2679 521 2752 quo
535 2657 623 2744 sat0,
650 2658 687 2732 in
712 2660 802 2732 hanc
821 2675 1022 2756 temporum
1040 2660 1240 2735 nostrorum
1257 2661 1407 2736 difficul-

415 2779 490 2845 lztem
502 2773 645 2863 incidat,
664 2802 744 2872 quae
761 2793 796 2849 et
814 2776 971 2872 publicas
988 2792 1023 2849 et
1039 2776 1190 2873 privatas
1207 2803 1259 2849 res
1272 2777 1408 2876 affligit,

414 2904 564 2989 dumque
583 2891 715 2965 statum
730 2891 883 2964 dubium
900 2890 1039 2978 reddit,
1057 2891 1168 2964 facete
1181 2918 1251 2963 non
1269 2894 1408 2988 possum

414 3014 442 3074 ut
453 3002 521 3082 illud
538 3012 606 3082 sine
622 3023 708 3081 voto
726 3023 762 3081 et
776 3006 991 3103 inauspicato
1005 3033 1024 3078 e
1038 3006 1201 3079 manibus
1214 3006 1406 3106 dimittam.

412 3114 491 3196 Ferit
510 3126 608 3200 Deus
633 3126 681 3199 Ο.
701 3128 759 3199 Μ.
786 3142 828 3198 ut
854 3124 938 3198 huic
960 3124 1081 3221 patriae
1098 3151 1182 3198 cum
1198 3123 1340 3221 pristina
1355 3149 1408 3197 re·

409 3253 468 3309 mm
486 3239 708 3336 prosperitate
734 3266 804 3337 part
830 3239 1057 3314 restituatur:
1085 3238 1244 3337 mihique
1267 3239 1354 3314 vites
1372 3256 1409 3315 et

405 3344 501 3426 finitas
522 3355 780 3443 conserventur,
807 3356 924 3429 otium
950 3370 1041 3429 certe
1065 3355 1239 3454 obtingat,
1265 3373 1307 3432 ut
1332 3356 1408 3430 reli·

399 3487 488 3562 quam
501 3471 614 3569 operis
630 3488 768 3569 partem
785 3470 975 3544 absolvam.
1029 3472 1097 3544 Sed
1122 3472 1204 3557 hoc,
1230 3485 1270 3544 ut
1298 3468 1408 3544 incer-

396 3594 473 3672 tum,
488 3590 824 3686 quomodocumque
842 3588 1008 3677 evenerit,
1034 3614 1138 3686 aequo
1164 3587 1282 3662 animo
1297 3602 1332 3659 et
1351 3611 1408 3659 ac-

391 3698 576 3801 cipiendum
599 3722 635 3780 et
651 3705 846 3779 ferendum.
900 3706 994 3780 Illud
1009 3706 1104 3779 haud
1122 3702 1232 3777 dubia
1248 3703 1304 3800 spe
1321 3728 1408 3799 prae·

386 3815 483 3914 cipio,
498 3819 570 3896 fore
587 3836 628 3895 ut
648 3846 756 3917 quam
774 3847 840 3919 ego
858 3821 895 3893 in
911 3821 1112 3894 adornanda
1122 3818 1410 3916 conficiendaque

381 3935 446 4016 luc
460 3935 622 4012 Editione
638 3935 778 4034 percepi
794 3962 878 4009 cum
895 3934 1065 4009 doetrinae
1091 3933 1270 4032 animique
1290 3932 1410 4009 fructu

377 4052 593 4142 suavitatem,
627 4055 774 4128 eandem
801 4051 996 4151 legentium
1024 4050 1167 4148 plurimi
1193 4050 1383 4149 percipiant
1396 4084 1408 4139 ;

376 4171 554 4245 Plutarchi
571 4170 667 4245 libris
683 4171 799 4243 multo
817 4194 926 4265 quam
944 4182 1045 4239 antea
1068 4165 1178 4264 magis
1197 4166 1273 4263 jam
1290 4193 1409 4240 emen·

370 4280 464 4360 datis
480 4300 516 4358 et
532 4286 578 4359 ad
594 4308 826 4358 communem
841 4282 911 4355 sere
932 4278 1197 4379 intelligentiam
1217 4281 1407 4377 patefactis.

435 4398 558 4496 Scripsi
591 4398 861 4486 Amstelodami,
904 4396 1020 4470 mense
1055 4398 1279 4480 Novernbre,
1316 4418 1410 4468 anno

367 4540 599 4599 unccxcrv.

422 4656 518 4706 vor..
541 4656 569 4708 1.
885 4636 910 4703 k
