3642 5492
572 727 579 737 Β
676 637 1142 716 PRAEFATIO.
1337 639 1431 715 cxvii

372 821 460 901 Do.
477 822 597 914 Joattui
613 824 757 897 Vuleobio
781 829 813 896 in
839 828 934 897 Sucro
961 827 1137 917 Consdlocio
1158 829 1257 924 Regis
1276 825 1428 917 Chridia·

369 940 497 1031 mffim'
510 940 689 1034 Confiltario
706 959 736 1012 et
752 942 842 1037 apud
866 941 1018 1037 Castorem
1043 943 1200 1038 Exlogato
1218 945 1251 1013 S.
1266 942 1317 1013 D.
1345 943 1429 1014 Plu·

371 1055 529 1134 tartham
553 1056 617 1128 tibi
638 1082 705 1127 ctum
727 1054 931 1151 inscribimus,
961 1058 1021 1126 Vir
1042 1057 1241 1151 Amplffme,
1267 1076 1353 1129 tuum
1369 1057 1431 1129 u'bi

369 1173 558 1248 reddimus.
617 1172 780 1271 Quidquid
802 1176 882 1243 euim
908 1175 949 1263 est
974 1174 1074 1263 nestro
1098 1176 1130 1243 iu
1154 1174 1286 1244 editione
1309 1175 1425 1267 praci-

369 1308 491 1391 ptttem,
517 1305 607 1359 tuum
622 1288 660 1358 id
680 1290 732 1379 est.
785 1287 914 1359 Codices
937 1306 972 1359 tu
990 1290 1087 1371 uobis,
1105 1291 1152 1360 od
1173 1308 1297 1360 veteres
1314 1315 1425 1360 mauu·

365 1403 511 1506 scriptos
527 1402 755 1501 dilt'geutifflme
770 1421 963 1497 comparatos
988 1408 1074 1474 ultra
1096 1403 1230 1497 obtulisti
1250 1421 1340 1488 tuos;
1365 1407 1424 1474 im-

378 1519 513 1618 petrasti
536 1522 679 1590 alienos:
706 1536 812 1612 nempe
828 1545 849 1587 a
874 1519 925 1590 Cl.
944 1522 1017 1589 viro
1044 1519 1181 1592 Lodoico
1207 1523 1338 1589 Serviuo
1354 1518 1428 1616 fisci

387 1637 519 1732 segnitie
533 1636 653 1732 senatu
677 1635 847 1719 advocato,
874 1639 946 1706 viro
971 1654 1001 1707 et
1028 1639 1127 1706 literis
1145 1653 1175 1706 et
1194 1638 1288 1731 Reip.
1310 1662 1331 1705 a
1352 1634 1425 1709 Deo

394 1749 490 1822 duo.-
515 1748 558 1820 ab
576 1747 732 1845 Stephano
750 1746 892 1820 Turnebo
899 1749 1067 1847 senatore3
1086 1749 1127 1838 ab
1142 1751 1264 1838 Joouue
1283 1753 1426 1822 Peleoino
1474 1795 1481 1808 ·-

397 1863 561 1962 Pro‘cffme
582 1866 691 1962 regio:
717 1890 843 1963 quomm
866 1871 974 1964 magui
995 1869 1102 1937 merito
1126 1865 1274 1951 Tumubi,
1298 1871 1352 1938 ille
1370 1894 1424 1939 uo·

400 1979 590 2073 aufidium
616 1980 668 2050 hic
683 1979 879 2064 cathedram,
899 1982 1084 2077 proseffiouis
1091 1980 1250 2078 succefflor,
1264 1981 1423 2075 poffideut.

406 2091 527 2166 Contulit
549 2096 675 2166 iuterim
695 2111 727 2164 et
749 2094 824 2183 Jac.
844 2096 1044 2193 Bougarstus‚
1071 2095 1318 2192 elegantffmum
1333 2121 1426 2171 mccouc

409 2225 552 2282 motuum
576 2212 736 2304 exemplar
760 2208 847 2280 bouae
867 2216 972 2306 partis
989 2208 1208 2306 optcsculocum
1236 2236 1302 2307 qua
1320 2211 1428 2281 dicunt

415 2318 551 2411 Mean,
567 2325 611 2397 ab
627 2324 814 2420 Ampliffimo
833 2327 923 2410 Viro,
942 2329 1024 2423 regio
1041 2329 1113 2396 item
1122 2328 1281 2422 senatore,
1302 2325 1343 2396 P.
1361 2327 1426 2396 Pe·

353 2433 354 2440 '
417 2438 495 2524 levio,
519 2457 550 2511 et
576 2439 730 2514 Aldiuum
745 2442 852 2537 suum,
882 2441 969 2537 cujm
994 2443 1025 2510 iu
1050 2465 1105 2511 ora
1125 2442 1230 2510 varie
1250 2463 1288 2509 ex
1314 2438 1423 2511 MSS.

421 2549 544 2630 ludiones.

366 2673 368 2680 '
455 2669 536 2746 Haec
563 2672 611 2744 ab
637 2668 716 2768 ipsis
740 2670 948 2747 Editoribus
973 2674 1141 2772 exposita,
1170 2671 1366 2768 cujusmodi
1392 2696 1427 2745 re

424 2775 524 2878 lpfiet
546 2784 642 2861 ladio
667 2790 732 2861 lint
754 2787 834 2861 satis
857 2787 1024 2885 equidem
1050 2787 1248 2885 cognoville
1271 2786 1359 2860 mihi
1376 2786 1427 2859 vi·

426 2894 485 2973 leon
494 2899 558 2976 usu
571 2928 613 2976 ac
632 2902 838 2977 traftatione
850 2902 1061 2977 Editionum
1075 2897 1311 2998 codicumque
1324 2900 1428 2998 scrip·

353 2999 364 3114 l
426 3023 514 3093 ioum
531 3017 724 3093 Plutarchi.

353 3123 358 3176 ¹
458 3129 558 3229 Igitur
581 3132 631 3206 illi
655 3131 735 3206 libri
759 3118 843 3205 Ald.
866 3133 940 3206 Bas.
966 3137 1014 3208 T.
1029 3138 1074 3207 V.
1091 3137 1130 3208 Β.
1147 3135 1188 3208 P.
1213 3133 1330 3207 collati
1349 3134 1430 3207 sunt

424 3265 476 3318 non
487 3247 529 3322 ud
544 3249 750 3346 exemplum
769 3248 1061 3345 Stephanianum,
1082 3249 1138 3323 sed
1156 3251 1201 3323 ad
1218 3252 1308 3323 hanc
1321 3249 1430 3348 ipsam

423 3353 720 3448 Fnucolurtanam.
773 3365 860 3437 Hoc
889 3382 923 3438 et
954 3363 1013 3461 ipfi
1039 3362 1163 3439 dicunt
1193 3367 1369 3452 Editores,
1396 3381 1432 3439 et

422 3493 538 3572 tppuet
566 3477 690 3554 multis
719 3504 764 3551 ex
795 3478 891 3551 locis.
946 3479 1058 3552 Variae
1092 3480 1257 3555 le&iones
1291 3483 1432 3555 illorum

421 3585 568 3668 librorum
592 3588 766 3692 perquam
791 3591 871 3668 sunt
897 3594 1062 3666 mendose
1088 3599 1252 3691 expreffae
1269 3595 1306 3672 in
1324 3595 1433 3668 Fren-

421 3701 581 3784 colunum
600 3710 669 3782 hoc
688 3708 831 3783 Indice:
859 3706 1025 3782 leeliones
1041 3710 1202 3805 plurimae
1220 3736 1341 3808 eaeque
1356 3734 1434 3808 gra·

418 3814 504 3895 nioris
520 3822 708 3909 momenti,
734 3821 877 3896 omiffae.
930 3825 1138 3922 Utrumque
1163 3825 1320 3899 intellexi
1336 3851 1435 3900 com·

414 3941 576 4034 paratione
610 3942 783 4027 librorum
817 3970 954 4029 eorum,
998 3971 1153 4040 quorum
1196 3943 1283 4018 mihi
1316 3946 1436 4022 aderat

413 4054 512 4154 copia,
541 4059 667 4145 Atdiui,
699 4061 890 4152 Bostleeusts,
919 4057 1120 4133 Turnebiooi.
1173 4058 1304 4133 Multis
1327 4053 1435 4134 eliam

411 4171 487 4248 locis
513 4176 634 4250 omiffa
661 4174 712 4248 est
737 4192 824 4249 nota
852 4174 931 4249 libri
957 4201 976 4247 e
1006 4201 1080 4273 quo
1106 4174 1210 4250 lenio
1237 4176 1347 4274 petita
1373 4175 1435 4248 est.

393 4289 582 4385 'Budlceofis
598 4290 685 4364 liber
703 4289 753 4363 est
768 4289 877 4364 editio
895 4289 978 4375 anni
1008 4269 1020 4362 i
1029 4318 1098 4388 542
1114 4324 1125 4377 3
1153 4318 1235 4365 nam
1251 4289 1438 4364 secundam

406 4403 639 4493 Balileensem,
664 4404 779 4491 idest,
806 4406 1043 4501 Xylunclneum
1060 4404 1142 4477 unni
1164 4430 1257 4504 1574
1272 4403 1439 4501 ignoralle

405 4517 569 4608 videntur
586 4518 759 4598 Editores.
811 4522 868 4606 De
895 4519 1089 4605 Tuo-ooebiono
1105 4518 1195 4593 libro
1212 4516 1312 4614 supra
1328 4540 1441 4615 expo«
