3642 5492
657 640 1124 717 ermenero
1300 587 1447 714 ems

366 852 450 901 nem
465 825 598 899 seciffet
615 824 862 899 annotationes
879 826 925 898 ad
941 823 1164 924 corrigendos
1175 820 1410 898 illustrandos·

368 959 438 1040 que
465 943 560 1014 locos
587 941 744 1015 difficiles
769 958 805 1014 et
828 939 970 1014 vitiosos
994 955 1227 1038 comparatas,
1253 966 1308 1012 eas
1328 945 1409 1012 Ani-

370 1059 615 1152 madueffionnm
631 1060 679 1130 ad
703 1058 829 1130 Graecos
845 1060 996 1130 Austores
1014 1056 1205 1130 Volumine
1224 1058 1273 1141 ll,
1301 1055 1409 1128 Notis

372 1174 414 1246 ad
431 1175 570 1271 Lysiam
589 1170 803 1269 subjunstas,
830 1172 953 1247 edidit.
1007 1174 1224 1246 Plutarcheae
1250 1170 1409 1245 animad-

376 1292 535 1362 versiones
563 1291 708 1386 explent
735 1289 877 1388 paginas
901 1293 994 1361 ultra
1019 1288 1242 1387 quingentas,
1268 1303 1304 1360 et
1328 1288 1407 1360 sunt

381 1427 516 1475 numero
533 1405 744 1500 permultae3
771 1404 916 1501 quippe,
934 1430 998 1501 pro
1016 1407 1148 1477 Rursrc
1160 1431 1195 1476 11
1221 1403 1408 1477 consuetu-

384 1518 463 1608 dine,
480 1520 631 1594 breviter
648 1538 682 1593 et
701 1522 808 1593 verbo
825 1522 1035 1618 plerumque
1054 1520 1268 1619 significata.
1314 1524 1408 1594 Prae-

388 1631 508 1708 lationis
533 1637 613 1709 loco
638 1652 672 1709 et
700 1636 842 1709 nomine
863 1636 1092 1731 praemittitur
1108 1636 1409 1734 disputatiuncula

392 1749 572 1850 deingenio
586 1767 622 1825 et
640 1750 772 1849 scriptis
789 1751 968 1825 Plutarchi
995 1767 1103 1849 atque
1129 1752 1173 1824 de
1191 1777 1297 1848 opera
1314 1752 1409 1848 prio-

396 1889 456 1938 mnr
478 1865 676 1953 Editorum.
729 1870 850 1968 Qum
881 1865 1123 1964 praefationem
1158 1869 1181 1940 sr
1210 1893 1283 1940 non
1309 1868 1409 1941 addi-

398 1979 474 2055 disset
498 1984 720 2070 Rcrsrcros,
749 1982 895 2055 minime
922 1984 1202 2057 desideraremus.
1255 1986 1298 2057 In
1324 1985 1410 2057 Plu·

400 2095 484 2169 rachi
511 2096 660 2171 lestione
694 2124 807 2171 novus
835 2115 908 2171 erat
944 2099 1093 2196 hospes:
1132 2098 1327 2173 Editiones.
1346 2123 1411 2172 nec

401 2207 522 2285 babebat
537 2237 675 2301 omnes,
701 2239 766 2288 nec
791 2239 913 2287 earum
936 2239 1023 2312 quas
1046 2215 1215 2301 babebat,
1241 2214 1356 2289 fontes
1373 2231 1409 2287 et

401 2326 614 2404 auderitatem
632 2330 713 2404 fatis
730 2331 961 2430 intelligebat.
998 2330 1161 2405 Omnino
1178 2358 1223 2406 ex
1242 2331 1409 2406 omnibus

402 2435 501 2540 ingenii
524 2445 752 2521 facultatibus
774 2447 965 2544 judicium,
995 2451 1063 2521 five
1086 2449 1212 2523 datum
1238 2474 1258 2521 a
1284 2464 1411 2521 natura

403 2557 638 2662 tivenegatum,
657 2566 803 2640 minime
821 2569 1023 2640 excoluerat
1043 2570 1265 2642 Rursrcrus.
1303 2565 1409 2661 Judi·

402 2671 471 2750 ciutn
493 2680 572 2754 dico
597 2706 677 2753 eam
699 2680 905 2756 facultatem
933 2709 1014 2781 quae
1039 2708 1090 2756 res
1112 2682 1270 2757 confusas
1288 2683 1409 2758 distin·

402 2787 469 2884 guit,
494 2795 580 2894 quid
608 2796 737 2895 cuique
761 2797 944 2896 proprium
969 2815 1004 2871 et
1030 2802 1243 2897 consequens
1269 2802 1309 2872 srt
1332 2824 1411 2895 per-

403 2903 474 3000 spicit
490 2928 523 2987 et
540 2939 667 2987 verum
684 2939 704 2986 a
720 2914 803 2988 falso
821 2931 982 2988 accurate
1004 2914 1199 3013 distinguit.
1252 2918 1347 2989 Haec
1374 2914 1410 2988 in

404 3023 558 3104 Rcrsrcro
592 3030 738 3104 facultas
767 3057 837 3103 non
866 3030 1053 3128 apparuit:
1089 3030 1207 3104 minus
1232 3029 1340 3104 etiam
1370 3055 1412 3104 ea

403 3133 529 3234 beatas,
563 3174 637 3246 qua
670 3147 705 3221 id
736 3150 834 3246 quod
864 3174 988 3222 verum
1017 3149 1217 3245 judicasset,
1235 3147 1412 3232 ,oratione

404 3249 554 3351 subtiliter,
572 3262 707 3351 ordine,
725 3257 916 3361 perspicue,
933 3265 1135 3361 explicaret.
1188 3263 1311 3340 Sensus
1337 3263 1411 3337 veri

403 3365 615 3454 intersero
641 3379 737 3468 fuit3
763 3373 941 3478 quidquid
966 3383 1012 3455 ad
1039 3383 1133 3456 hunc
1161 3382 1297 3456 sensum
1320 3381 1410 3455 acci-

404 3484 473 3564 deret
487 3519 641 3594 eumque
658 3497 966 3571 verisimilitudinis
984 3497 1095 3596 specie
1112 3513 1324 3597 percuteret,
1343 3500 1411 3570 hoc

405 3605 543 3683 continuo
560 3613 748 3709 probabat,
771 3617 838 3686 lroc
856 3615 1157 3711 amplectebatur:
1186 3613 1411 3687 sententiam·

406 3723 486 3834 quel
500 3723 686 3824 scriptione
703 3731 879 3825 proderet,
898 3737 977 3802 edm
994 3734 1089 3827 quasi
1107 3728 1310 3827 projiciebat
1327 3754 1412 3802 cum

408 3848 524 3928 mpetu,
541 3840 678 3915 duriter
694 3867 734 3916 ac
753 3841 880 3917 subito.
926 3845 1023 3916 Nam
1041 3844 1231 3917 lenioribus
1247 3842 1313 3916 illis
1328 3868 1412 3917 cum

406 3944 508 4038 judicio
528 3959 727 4054 conjundtis
750 3959 879 4034 mentis
904 3963 1063 4059 partibus
1089 3962 1206 4035 minus
1232 3962 1412 4046 utebatur,

353 4137 356 4152 ¹
411 4065 523 4158 ratione,
555 4074 761 4165 subtilitate,
796 4077 977 4165 industria,
1010 4077 1235 4152 assiduitate:
1280 4057 1414 4173 semper

353 4219 357 4254 ς
412 4181 536 4263 aduosus
557 4219 600 4266 ex
626 4192 696 4268 alio
722 4194 759 4267 in
780 4196 876 4268 aliud
905 4198 1097 4282 involabat‚
1124 4195 1277 4291 ejusdcm
1300 4194 1413 4291 operis

353 4357 357 4406 .·
415 4293 460 4418 diu
477 4308 691 4408 persequendi
718 4311 912 4386 satietatem
933 4312 1082 4411 fugiens,
1109 4311 1278 4388 dostrinae
1296 4305 1414 4406 copias

353 4415 360 4586 ‘p
416 4417 614 4500 adversaria
632 4453 819 4526 congerere
838 4429 1035 4528 negligebat
1054 4460 1061 4502 :
1091 4429 1210 4527 itaque
1230 4429 1326 4500 nullo
1344 4426 1413 4502 fere

358 4565 360 4570 ·
417 4547 548 4622 apparatu
566 4541 751 4618 instruslus
769 4545 814 4617 ad
831 4548 1005 4619 Austores
1025 4547 1079 4620 vel
1105 4546 1343 4620 emendandos
1360 4546 1414 4618 vel

459 4667 528 4724 vot„
545 4682 571 4732 1,
891 4662 902 4734 i
