3642 5492
852 674 1144 733 INDEX

655 853 706 913 ego
720 835 837 894 nomina
851 837 893 894 his
907 837 981 894 notis
994 834 1155 912 fignificavi,
1173 833 1231 892 Pol.
1245 834 1398 912 Rodolph:
1422 845 1528 906 etcum

655 917 738 994 supra
759 918 788 974 in
812 916 864 975 Cen
874 937 923 974 nra
939 917 1059 975 librorum
1070 915 1222 994 scriptoram
1235 930 1259 972 et
1272 914 1394 973 editorum
1408 915 1531 993 exposui,

655 1007 718 1054 tum
740 997 814 1054 infra
834 999 862 1054 in
885 999 937 1054 hoc
958 997 1042 1054 Indice
1061 996 1167 1054 notavi.
1201 995 1260 1052 Ubi
1274 1017 1338 1054 vero
1351 997 1464 1053 nullum
1477 995 1532 1053 lec-

656 1078 728 1136 tioni
742 1079 868 1135 additum
882 1089 940 1134 erat
953 1099 1065 1140 nomen,
1078 1097 1140 1134 eam
1156 1078 1308 1134 memoravi
1322 1079 1374 1134 hac
1387 1087 1457 1134 nota
1473 1075 1533 1134 col·

657 1160 714 1216 lea.
730 1160 828 1216 diceret.
843 1159 885 1214 vel
902 1158 967 1216 Call.
982 1161 1082 1216 hura.
1117 1158 1248 1216 Alterum
1263 1157 1337 1234 quod
1352 1158 1439 1214 habui
1452 1157 1532 1234 Apo·

657 1241 798 1320 graphum
818 1241 939 1316 exempli
960 1239 1150 1317 Jannociiani,
1172 1239 1239 1296 item
1260 1239 1422 1316 antiquum,
1442 1246 1481 1304 et,
1500 1246 1533 1292 ut

658 1321 822 1387 minimum,
845 1329 910 1377 ante
934 1322 1066 1378 ducentos
1086 1339 1174 1376 annos
1195 1318 1339 1395 scriptum,
1359 1316 1484 1376 servatur
1502 1317 1531 1376 iu

657 1401 828 1459 Bibliotheca
839 1402 1001 1459 Academiae
1012 1402 1290 1477 LugdunoBatarae‚
1299 1400 1451 1458 Librorum
1461 1397 1531 1455 Vos·

658 1483 796 1538 fianorum
817 1483 908 1539 Num.
924 1497 989 1560 159.
1021 1482 1064 1539 De
1078 1483 1131 1538 hoc
1151 1480 1316 1556 peculiarius
1328 1481 1450 1537 dicimus
1464 1480 1531 1536 item

659 1562 688 1619 in
703 1565 753 1620 hoc
767 1561 853 1620 Indice
866 1563 914 1620 suo
926 1563 995 1629 loco,
1009 1573 1036 1618 et
1049 1563 1173 1619 diximus
1187 1563 1217 1618 in
1234 1559 1353 1638 Cenfirra.

498 1646 522 1702 C
527 1662 636 1701 onero.
652 1643 736 1700 Nov.
768 1644 863 1700 Codex
884 1642 1000 1720 scriptus
1020 1643 1199 1700 Bibliothecae
1218 1642 1338 1718 collegii
1358 1641 1438 1700 Novi
1453 1639 1533 1700 Oxo·

659 1724 767 1780 nienfis.
798 1725 973 1798 Numn33.

497 1855 537 1912 D.
659 1855 754 1911 Codex
779 1854 895 1948 scriptus
920 1855 1099 1912 Bibliothecae
1122 1855 1221 1934 Regiae
1245 1853 1407 1912 Parilienfis.
1440 1853 1531 1912 Num.

499 2017 642 2076 Damaso.
659 1936 798 2093 (Jliliililiis
809 1936 986 2074 1l9l⁴iar6riasceni
1011 2017 1145 2073 Parallela
1165 2017 1247 2073 Sacra
1268 2015 1298 2072 in
1318 2016 1414 2072 codice
1433 2012 1534 2090 scripto

659 2098 838 2155 Bibliothecae
852 2098 986 2155 Mcdiceae
1000 2097 1179 2154 Florentinae:
1194 2098 1241 2154 cui
1253 2096 1341 2152 codici
1356 2093 1457 2173 adjecti
1470 2093 1533 2152 suut

662 2179 744 2234 multi
759 2179 891 2235 Veterum
907 2179 1089 2254 Scriptorum,
1101 2179 1188 2234 etiam
1202 2177 1386 2254 perditorum,
1406 2176 1470 2244 loci,
1485 2177 1532 2233 ele·

662 2259 745 2319 sumti
761 2259 829 2316 sorte
842 2280 876 2317 ex
890 2260 1012 2336 pleniore
1025 2259 1154 2335 exemplo
1167 2258 1278 2316 Stobaei.

499 2409 533 2465 E.
660 2408 754 2543 godes
782 2408 899 2546 scrigtus
925 2408 1105 2467 Bibliothecae
1129 2408 1227 2486 Regiae
1252 2408 1412 2467 Parisreusu.
1443 2407 1535 2466 Num.

689 2501 821 2563 ataogrr
850 2503 896 2563 72.

501 2568 620 2624 Eunsrr.
662 2567 770 2623 Eratini
791 2569 985 2626 Rotterodami
1010 2571 1201 2648 interpretatio
1224 2571 1328 2628 Latina
1348 2570 1535 2647 quommdum

661 2647 818 2704 libellorum
834 2649 984 2706 Plutarchi.

501 2728 640 2785 Examen,
653 2728 799 2785 Tununa.
832 2731 927 2787 Variae
947 2729 1077 2788 lolliones
1097 2740 1124 2787 et
1144 2729 1335 2788 Corree'tionea
1356 2732 1392 2787 ab
1412 2731 1558 2788 Adrianu-

661 2810 793 2866 'l'umebo
813 2820 841 2866 et
861 2811 924 2867 aliis
947 2809 1055 2889 scriptae
1076 2812 1105 2868 in
1128 2813 1254 2888 margine
1274 2811 1406 2888 Exempli
1427 2809 1558 2880 Aldini,

663 2891 738 2967 quod
751 2891 789 2948 est
803 2892 833 2956 in
847 2893 1019 2950 Bibliotheca
1032 2893 1122 2968 Regia
1137 2893 1283 2950 Parisrenst.

503 3043 534 3100 F.
667 3045 762 3103 Codex
785 3045 903 3125 scriptus
927 3046 1106 3103 Bibliothecae
1130 3045 1228 3122 Regia:
1254 3044 1417 3102 Parisrensrs.
1447 3043 1528 3102 Num

664 3126 825 3202 Catalogir
851 3142 898 3202 52

504 3203 635 3261 Faunrc.
668 3206 802 3264 Francisci
826 3147 944 3265 {alricii
965 3207 1163 3266 Marcodurani
1184 3207 1279 3264 Variae
1301 3206 1434 3263 lectiones
1455 3205 1558 3266 triur-

665 3289 791 3343 codicum
807 3287 972 3365 scriptorum
990 3298 1017 3345 et
1031 3289 1236 3346 emendationes
1258 3289 1286 3344 in
1308 3288 1403 3344 libello
1416 3287 1461 3344 De
1473 3287 1558 3344 Pru-'⁵

665 3387 748 3423 rernm
770 3367 934 3435 Edncnrr'one,
956 3389 1039 3444 quem
1061 3371 1157 3426 Graece
1177 3378 1204 3425 et
1227 3369 1328 3426 Latine
1344 3368 1432 3425 edidit
1451 3367 1522 3425 form

666 3446 773 3506 nelma.
795 3451 976 3527 Antwerpiae.
998 3454 1086 3507 Anno
1103 3449 1188 3527 1563.

507 3528 621 3584 Funere.
667 3529 832 3606 Tanaquilli
854 3532 935 3587 Fabri
961 3531 1070 3587 Gallica
1091 3532 1174 3587 versio
1193 3538 1222 3586 et
1242 3527 1435 3588 Correetiones
1458 3525 1520 3585 lihel

668 3610 822 3669 l'lutarchei
840 3613 881 3670 Dc
897 3611 1079 3688 Srrpcrstitione.

470 3689 475 3698 '
508 3690 605 3755 Fron.
667 3691 694 3746 V
697 3693 761 3752 ariae
776 3691 921 3748 Ledtiones
935 3693 965 3748 in
978 3691 1169 3768 compluribus
1182 3691 1282 3748 libellis
1296 3690 1476 3757 Plutarcheia,
1495 3699 1558 3746 et

669 3782 770 3848 cerptae
791 3794 806 3829 a
827 3774 973 3829 Theodoro
993 3773 1135 3828 Gronovio
1156 3782 1220 3829 ante
1241 3774 1290 3828 hos
1308 3773 1419 3829 circiter
1431 3779 1558 3829 centur

670 3874 766 3922 annm,
780 3874 812 3909 cx
827 3855 1017 3931 compluribus
1031 3853 1170 3911 codicibus
1184 3853 1362 3912 Florentinis.

508 3981 545 4036 G.
672 3983 766 4052 Codex
791 3982 907 4060 scriptus
931 3984 1110 4042 Bibliothecae
1134 3984 1232 4060 Regiae
1258 3983 1419 4042 Parifiensn.
1455 3982 1558 4040 Nutr!

671 4065 802 4140 (Tatnlogi
820 4071 907 4140 2070.

511 4142 673 4198 coneus
699 4145 872 4202 lrrunrrras
894 4147 1102 4214 Novrssrnus,
1127 4146 1157 4203 in
1178 4146 1278 4202 libellis
1300 4145 1344 4202 De
1362 4143 1506 4202 Addume
1524 4143 1558 4196 e!

672 4224 769 4288 Amico.
791 4227 857 4282 item
881 4225 979 4304 Septem
994 4225 1141 4304 Sapientem
1158 4226 1305 4284 Convivia:
1328 4245 1398 4302 quos
1412 4227 1509 4282 Graece
1522 4224 1551 4276 ‘l

673 4305 788 4370 Gallice,
802 4327 868 4363 cum
883 4307 1164 4364 animadvertionihus
1177 4308 1263 4363 edidit
1277 4307 1321 4363 vir
1333 4305 1542 4384 elegantiffimus

675 4387 716 4442 La
730 4387 751 4445 Γ
751 4399 809 4441 orte
822 4390 859 4443 du
873 4388 956 4443 'shcil
971 4387 1062 4444 forma
1075 4387 1184 4445 odora.
1199 4388 1306 4444 Parisiis
1325 4402 1411 4463 1772.

513 4467 726 4524 Gnaeo-mr.
756 4469 825 4523 'l'ros
847 4469 979 4524 editiones
998 4467 1119 4544 ejuldem
1141 4470 1271 4544 exempli,
1292 4467 1392 4526 sormae
1407 4468 1542 4528 nranime.

675 4547 850 4605 Francofurti
870 4562 954 4626 1599·
976 4549 1082 4605 l'arisris
1101 4549 1186 4612 1620,
1199 4560 1227 4606 et
1242 4551 1309 4606 item
1323 4549 1432 4606 Parifiis
1450 4549 1531 4620 1624.

512 4627 616 4687 Gnou.
631 4628 672 4693 vel
688 4628 837 4689 Gronov.
863 4629 986 4688 Collatio
1000 4629 1085 4688 libelli
1100 4631 1144 4691 Dr
1157 4631 1270 4691 fauna
1283 4631 1465 4703 Romanunm,
1484 4647 1546 4696 curu

646 4965 772 5093 Α
