3642 5492
439 643 486 722 cii
724 641 1184 724 PRAEFATIO.

439 827 652 931 probabilis:
689 827 726 901 in
756 853 828 926 qua
854 829 877 900 sr
907 826 1078 905 Latinitas
1102 822 1247 900 subinde
1267 818 1448 923 negligitur

438 950 507 1020 hoc
540 963 661 1020 totum
692 970 713 1016 a
744 942 996 1042 perspicuitatis
1030 942 1145 1017 studio
1177 939 1379 1040 profeEtum
1404 938 1448 1014 efl

439 1060 562 1157 Hujus
580 1059 628 1132 rei
648 1058 717 1157 ipse
736 1058 886 1131 caussam
905 1057 992 1131 dicit
1009 1058 1055 1131 ad
1072 1059 1324 1132 Luuovrcura
1342 1052 1448 1134 comi

439 1189 514 1249 tem
532 1170 879 1249 Rheno·Palatinum
897 1173 996 1273 cujus
1010 1171 1144 1248 nomini
1161 1173 1308 1247 llloralio
1325 1168 1448 1270 inscrip

441 1294 504 1366 srt:
532 1290 603 1387 an
620 1315 729 1377 minus,
745 1272 875 1385 in'quit,
894 1317 965 1367 carro
982 1315 1084 1362 eornm
1101 1289 1312 1382 moraliorem,
1339 1289 1395 1388 qni
1415 1288 1448 1380 ni

442 1409 686 1500 Ciceronianam,
711 1405 836 1505 tersum,
861 1410 1058 1505 politamque,
1085 1422 1116 1478 et
1144 1404 1238 1504 aestio
1262 1429 1318 1506 qno
1342 1403 1448 1475 tondet

361 1575 381 1605 ,
440 1525 634 1617 instrumento
662 1523 815 1605 limatum,
848 1521 931 1593 nihil
954 1521 1101 1618 probant.
1153 1523 1224 1619 Ego
1251 1519 1448 1626 perspicuam

441 1657 565 1732 operam
596 1635 683 1721 dedi,
711 1661 772 1735 quo
798 1634 880 1707 nibil
901 1635 995 1706 debet
1023 1636 1078 1732 effe
1105 1636 1263 1733 antiquins
1294 1634 1448 1728 interpret

443 1754 477 1821 V
473 1752 548 1848 erbo
565 1751 678 1842 rostrato
694 1765 725 1821 et
741 1748 853 1847 diserte
864 1749 1080 1847 fignificantia
1096 1752 1189 1820 multo
1206 1746 1384 1846 maluistis
1400 1748 1448 1818 lon

441 1866 594 1938 adhibere
609 1891 700 1963 qnam
716 1864 990 1962 obscurarestudio
1003 1865 1097 1963 nescio
1113 1867 1197 1965 cnjm
1210 1862 1409 1937 Latinitatis
1424 1886 1448 1931 rr

441 1983 535 2079 ipsas.
587 1973 687 2083 Aiofus
701 1981 773 2079 sum
791 1981 886 2052 etiam
903 1980 953 2051 nti
967 2004 1187 2079 nonnumquam
1203 1979 1237 2050 in
1255 1975 1448 2077 philosophici

441 2097 633 2199 explicandis
657 2098 783 2168 licentia
806 2090 1070 2193 confingendornm
1085 2094 1265 2180 vernorum,
1290 2110 1327 2166 nt
1342 2094 1448 2191 intelli

431 2215 596 2311 finterrtiae
627 2212 800 2309 paffent—.
852 2209 1030 2307 Equidem
1065 2210 1156 2283 hanc
1188 2209 1391 2283 vernonem
1421 2204 1449 2280 it

442 2324 584 2410 retinui,
609 2339 651 2397 ut
671 2350 748 2397 earn
773 2348 857 2397 cum
880 2324 925 2396 ad
949 2321 1128 2398 Plutarchi
1143 2321 1306 2400 habitum
1323 2347 1448 2421 compo

442 2440 687 2537 srtionemque,
722 2454 801 2511 tum
828 2464 910 2512 vero
939 2440 985 2513 ad
1017 2438 1182 2519 Latinam
1217 2435 1405 2528 rationem,
1435 2461 1448 2510 r

443 2554 611 2652 majorem
628 2552 736 2627 etiam
752 2550 1049 2656 perspicuitatem,
1066 2553 1333 2634 conformarem.

494 2667 750 2750 Annotationes
773 2667 909 2771 primus
934 2670 1123 2744 Plutarcho
1149 2667 1273 2765 adjecit
1303 2669 1448 2754 Xnnnn

444 2811 537 2868 nun.
589 2786 721 2864 Earum
741 2809 908 2866 numerus
931 2783 968 2861 in
992 2787 1168 2860 Moralium
1192 2783 1375 2859 volumine
1391 2784 1448 2859 hin

443 2899 604 2982 aestimari
621 2899 747 2998 potest,
764 2901 863 2998 quod
880 2915 915 2975 et
933 2902 1054 2976 breves
1070 2900 1149 2976 sunt
1166 2915 1201 2975 et
1215 2900 1358 2976 minuto
1370 2913 1448 3001 type

443 3046 524 3110 rum
542 3017 651 3098 modo
668 3014 814 3102 excuse,
840 3028 876 3090 et
899 3014 958 3091 sex
980 3015 1081 3115 supra
1104 3014 1362 3115 quinquaginta
1377 3018 1448 3117 pag'

444 3161 506 3212 nas
523 3133 642 3209 formae
661 3119 824 3207 maxima
842 3133 998 3234 explent,
1050 3131 1215 3217 Plurimae
1240 3133 1448 3216 adementia

444 3250 579 3323 tionem
605 3262 850 3345 corruptorum
876 3249 1037 3334 locorum
1063 3246 1270 3335 referuntur,
1295 3248 1448 3348 pauciore

444 3367 491 3458 ad
507 3362 771 3440 illustrationem
787 3361 1027 3445 obscurorum.
1074 3366 1320 3464 Utrarumque
1337 3361 1448 3438 bouitr

443 3505 485 3570 ac
501 3475 698 3578 prestantia
713 3475 919 3576 intelligitur
940 3506 984 3553 ex
1002 3478 1105 3577 ipsrus
1121 3478 1286 3559 facultate
1303 3479 1448 3564 Xnunr

447 3621 533 3691 urar,
559 3590 623 3692 qui
649 3590 687 3667 in
721 3589 819 3665 omni
853 3594 1142 3669 Plutarcheorum
1169 3594 1341 3678 librorum
1371 3619 1448 3694 argt

446 3725 569 3790 mento
585 3706 720 3807 egregie
736 3704 899 3792 versatus,
926 3708 1163 3792 doilrinarum
1183 3710 1280 3783 haud
1295 3711 1448 3810 vulgaret

446 3811 624 3906 scientiam
641 3812 759 3908 mente
775 3824 994 3930 complexus,
1012 3826 1149 3899 valebat
1160 3824 1331 3930 enquifita
1342 3829 1448 3902 Graec

448 3939 597 4036 Linguae
615 3937 753 4022 scientia
767 3952 802 4011 et
819 3937 884 4021 usu
901 3939 1091 4022 Plutarchi.
1131 3942 1198 4024 Sed
1216 3942 1448 4023 emendation

448 4054 613 4153 plurimas
638 4053 675 4136 in
702 4056 864 4128 Verfione
896 4056 1076 4152 expreffas,
1109 4055 1146 4131 in
1175 4056 1448 4139 Annotationibr

449 4194 521 4242 non
538 4168 854 4255 commemoratum
880 4171 979 4270 quod
1003 4187 1037 4246 et
1062 4197 1124 4269 per
1148 4173 1261 4275 operis
1284 4172 1448 4248 festinati«

448 4312 544 4370 nem,
571 4298 606 4355 et
630 4308 691 4379 per
707 4285 898 4381 quamdam
915 4284 1022 4360 animi
1038 4288 1257 4379 modestiam,
1283 4289 1393 4364 nollet
1411 4291 1448 4364 su

450 4402 533 4499 gula
549 4425 698 4497 quaeque
716 4397 922 4487 benefacta,
948 4400 1119 4499 srgillatim
1135 4403 1241 4478 etiam
1257 4416 1428 4478 annotare
1443 4432 1448 4472 r

451 4517 546 4624 quasr
577 4513 746 4588 ostentare
810 4517 896 4624 Qro
925 4511 1042 4599 minus
1069 4518 1254 4622 quisquam
1283 4517 1448 4608 dubitati
