3642 5492
453 624 558 704 cxviii
739 619 1207 702 PRAEFATIO.

454 811 530 888 sui:
567 810 672 906 hujus
698 805 863 882 lectiones
894 806 940 880 ab
967 802 1099 878 Aldina
1122 800 1373 892 dissentientes,
1405 829 1499 902 quas

455 931 697 1002 Srsrunnus
710 923 787 1021 jam
803 921 839 998 in
857 935 1070 996 contextum
1086 932 1273 1018 receperat,
1293 917 1330 993 in
1346 920 1418 996 hoc
1430 921 1500 996 'ln-

455 1043 531 1118 dice
558 1041 690 1116 orniffae
717 1039 824 1140 lunt:
861 1037 929 1112 illae
956 1049 1100 1111 tantum
1133 1057 1221 1132 quas
1249 1037 1497 1112 siraninus

456 1183 528 1234 non
547 1171 733 1254 receperat,
753 1168 1009 1240 memorantur,
1033 1152 1161 1228 omiffis
1178 1168 1299 1230 tamen
1314 1167 1351 1228 et
1367 1157 1501 1230 hanun

456 1273 626 1376 plurimis.
674 1273 902 1371 Baragarſsaam
920 1270 1027 1343 habet
1053 1268 1109 1343 ille
1135 1268 1282 1368 quidem
1300 1270 1411 1346 bonas
1428 1273 1500 1346 lec·

456 1391 583 1476 tiones,
610 1388 666 1461 led
693 1385 947 1461 consentientes
966 1383 1140 1460 feretum
1156 1383 1297 1484 reliquis
1314 1385 1500 1462 codicibus

456 1505 561 1599 hujus
589 1502 745 1588 Indicis;
783 1515 825 1578 ut
857 1503 952 1578 nulla
979 1501 1053 1598 ejus
1077 1501 1220 1600 propria
1242 1527 1283 1574 ac
1310 1501 1500 1600 peculiaris

456 1620 625 1694 censenda
643 1623 681 1694 fit
700 1620 775 1693 dos.
801 1683 804 1690 ,
829 1616 905 1692 Nifi
931 1633 1017 1692 nota
1041 1619 1070 1692 B
1094 1621 1253 1716 appofita
1271 1619 1355 1694 effet
1372 1617 1498 1694 lectio·

458 1738 561 1812 nibus
578 1739 695 1810 multo
712 1734 869 1834 plurium
887 1735 1088 1808 libellorum
1101 1735 1280 1809 Moralium
1290 1757 1401 1833 quam
1416 1735 1503 1810 otto

458 1877 581 1926 eorum
598 1851 660 1950 qui
678 1851 757 1924 lunt
775 1849 812 1923 in
828 1848 1047 1924 Bibliotheca
1063 1850 1235 1937 Beroenfi,
1260 1848 1299 1924 in
1322 1873 1436 1948 quam
1458 1847 1500 1924 li·

457 1967 513 2040 bri
532 1965 749 2066 Bongarfiani
769 1983 1018 2064 pervenerunt,
1042 1963 1194 2040 dicerem
1213 1966 1337 2040 eadem
1353 1967 1423 2042 effe
1438 1991 1503 2044 ex·

457 2082 575 2180 empla
598 2097 635 2155 et
661 2085 842 2162 Beroenfia
869 2097 906 2156 et
935 2079 1205 2156 Francofurtani
1234 2079 1379 2158 Indicis.
1432 2083 1502 2158 Sed

458 2200 528 2273 hoc
558 2197 755 2295 cujusmodi
782 2203 836 2287 fit,
871 2199 1053 2299 exquirere
1081 2200 1132 2274 nil
1160 2199 1313 2288 attinet3
1352 2201 1505 2300 quando

458 2317 594 2412 plenior
619 2314 677 2388 ille
700 2332 735 2388 et
759 2313 1009 2414 elegantissime
1029 2313 1177 2414 scriptus
1193 2317 1307 2390 codex
1322 2315 1503 2418 haud-„pe-

459 2431 589 2505 culiare
605 2430 861 2508 emendationis
878 2448 1107 2508 momentum
1122 2423 1258 2510 attulit.

510 2548 719 2620 Vulcobianus
745 2573 809 2622 nec
839 2544 923 2644 ipse,
952 2573 1017 2623 nec
1045 2548 1118 2652 ejus
1144 2549 1326 2638 dominus,
1356 2549 1503 2626 aliunde

461 2663 550 2738 mihi
581 2689 692 2762 quam
721 2689 766 2736 cx
792 2665 856 2738 hac
885 2663 1053 2738 Editione
1081 2665 1260 2741 innotuitr
1296 2667 1402 2740 varia
1428 2667 1503 2766 ejus

460 2782 626 2857 lettiones
642 2782 837 2858 maximam
852 2775 990 2882 partem
1013 2809 1098 2858 cum
1116 2781 1338 2880 Jannotianis
1355 2785 1503 2858 consen-

390 2971 392 2976 ,
460 2899 571 2986 tiunt‚
589 2917 624 2974 et
643 2901 688 2977 ab
706 2896 828 2974 iisdem
845 2897 1004 2973 fontibus
1024 2901 1176 2974 manaffe
1202 2898 1382 2974 videntur.
1434 2901 1504 2976 Sed

461 3017 754 3114 quandoquidem
784 3014 1057 3094 Turnebianum
1083 3015 1314 3112 Exemplum,
1340 3014 1432 3113 quid
1458 3039 1505 3100 ex

461 3131 643 3206 codicibus
655 3130 787 3229 quidve
804 3157 849 3204 ex
866 3130 1067 3225 conjectura
1083 3130 1212 3204 habeat
1229 3153 1303 3202 non
1321 3127 1401 3204 satis
1417 3153 1504 3204 con·

462 3248 552 3321 stat:
580 3262 617 3321 at
646 3249 898 3344 Bongarfianae‚
929 3245 1173 3335 Vulcobianae‚
1205 3243 1404 3320 Petavianae
1434 3247 1507 3322 lec··

462 3363 573 3440 tiones
604 3364 775 3459 ejusmodi
804 3363 898 3451 sunt,
930 3379 972 3438 ut
1009 3363 1146 3463 liquido
1174 3377 1340 3462 appareat
1370 3390 1428 3438 eas
1457 3391 1504 3442 ex

462 3478 638 3576 veteribus
655 3477 837 3552 codicibus
855 3479 986 3553 sumtas
1003 3481 1092 3553 else:
1120 3505 1165 3553 ex
1189 3479 1302 3556 tribus
1326 3479 1380 3554 his
1406 3479 1505 3556 libris

463 3595 665 3692 plurimum
686 3596 843 3671 tribuam
869 3596 1093 3670 auctoritatis
1117 3601 1297 3672 Petaviano
1323 3599 1503 3674 bonarum

463 3711 657 3786 lectionum
684 3713 797 3810 topia,
828 3712 962 3810 quippe
993 3737 1146 3811 quarum
1174 3714 1277 3813 longe
1305 3713 1504 3790 maximam

464 3843 600 3923 partem
629 3827 850 3926 optimorum
873 3827 1040 3901 consensu
1066 3827 1246 3916 codicum,
1276 3827 1408 3926 quibus
1433 3827 1506 3928 ipse

464 3942 597 4038 primus
631 3944 823 4018 Editorum
860 3941 942 4016 usus
975 3943 1066 4030 sum,
1099 3946 1346 4018 confirmatam
1378 3945 1507 4042 depre-
1559 3943 1564 3954 '

464 4057 583 4132 hendi.
635 4061 766 4157 Neque
797 4085 879 4134 vero
908 4061 1009 4158 quod
1037 4059 1073 4133 in
1101 4057 1305 4160 praefatione
1330 4057 1439 4133 libelli
1465 4061 1512 4134 de

468 4181 545 4250 Sera
562 4177 710 4249 Numinis
728 4181 878 4252 Vindicta
893 4176 1085 4274 suspicatus
1101 4175 1191 4262 lum,
1209 4175 1306 4250 idem
1323 4174 1374 4250 est
1391 4189 1506 4274 atque

467 4297 663 4378 Voffianus,
695 4317 803 4388 quern
836 4319 881 4367 ex
917 4292 1136 4366 Bibliotheca
1169 4293 1509 4392 Lugdunodlatava

466 4410 585 4484 habui.
638 4409 723 4482 Fuit
755 4408 901 4504 quidem
928 4424 1079 4508 uterque
1108 4410 1244 4481 Paunr
1283 4409 1504 4482 Parnvn:

466 4524 523 4600 fea
549 4524 618 4612 hic,
645 4549 729 4604 cum
755 4528 785 4602 F
787 4521 1044 4602 rancolurtanis
1070 4521 1277 4606 Editoribus
1298 4519 1507 4600 communi·
