3642 5492
378 626 487 704 cmv
662 627 1130 744 ramuaurm

376 812 535 910 perfecit,
554 811 611 887 sed
628 825 747 886 tamen
763 838 804 886 ea
821 811 858 887 in
878 810 1138 887 commentariis
1154 809 1288 910 scriptis
1304 837 1418 886 anno·

375 941 450 1000 tata
466 924 620 1022 reliquit,
638 941 680 998 ut
697 925 791 998 haud
809 925 988 1022 postremo
1012 928 1053 999 s1t
1073 926 1153 998 loco
1173 926 1363 1022 ponendus
1380 924 1418 1002 in

373 1040 555 1112 Moralium
580 1037 874 1114 Plutardreorum
891 1037 1189 1116 emendatoribus.
1241 1035 1329 1112 Fuit
1356 1035 1418 1112 hic

371 1157 542 1229 excellens
566 1155 726 1230 doctrina
747 1156 813 1244 vir,
838 1155 953 1230 omnis
975 1152 1212 1252 Antiquitatis
1229 1170 1265 1229 et
1285 1153 1417 1228 Histo-

371 1267 430 1343 riae
462 1269 548 1345 item
583 1271 816 1369 Philosophia
845 1269 1081 1368 peritiffimus,
1114 1269 1249 1345 Graecae
1278 1267 1417 1370 lingue

371 1400 532 1462 accurate
548 1383 757 1484 intelligens,
783 1385 946 1461 fabularis
963 1384 1118 1473 rationis,
1142 1385 1203 1459 seu
1220 1385 1414 1482 Mytholo·

370 1498 452 1600 giae,
487 1527 631 1577 omnem
664 1501 811 1576 omnino
844 1502 985 1602 copiam
1012 1517 1048 1577 et
1078 1502 1259 1578 ambitum
1287 1517 1411 1578 mente

370 1619 601 1715 complexus:
626 1620 697 1694 huc
711 1620 899 1694 accedebat
916 1619 1053 1719 egregia
1071 1645 1186 1694 rerum
1202 1621 1411 1694 Mathema-

373 1731 526 1807 ticarum
548 1733 700 1822 scientia,
727 1749 767 1808 ut
794 1736 888 1809 haud
914 1734 1018 1810 seiam
1041 1761 1087 1809 an
1109 1761 1215 1810 nemo
1230 1734 1312 1834 post
1327 1761 1413 1812 eum

274 1855 291 1881 ‘
370 1846 408 1924 in
426 1862 581 1947 utroque
598 1875 721 1948 genere
739 1866 882 1924 tantum
899 1849 1060 1928 valuerit.
1112 1849 1228 1926 Testis
1251 1849 1303 1924 est
1319 1849 1413 1926 Dio·

370 1962 495 2063 phanti
513 1965 648 2052 Editio,
678 1964 773 2040 testis
797 1964 1083 2040 Commentarius
1105 1963 1143 2038 in
1166 1962 1291 2040 Ovidii
1307 1962 1413 2064 Epis·

370 2080 472 2165 tolas,
492 2079 585 2154 testis
610 2078 777 2157 Narratio
801 2082 845 2155 de
871 2079 1013 2154 confilio
1038 2106 1079 2154 ac
1104 2077 1291 2177 specimine
1307 2103 1412 2158 novae

372 2195 675 2294 Interpretationis
719 2195 863 2273 Gallicae
898 2221 1046 2295 operum
1083 2195 1408 2272 Plutarclreornm:

371 2311 474 2388 testes
498 2311 577 2386 sunt
602 2313 676 2387 aliae
702 2314 823 2388 multae
848 2339 969 2412 eaque
992 2310 1228 2388 eruditiffimae
1249 2311 1409 2412 scriptio·

370 2453 445 2514 nes,
472 2429 602 2524 partim
631 2429 786 2526 repetitae
812 2429 943 2527 partim
967 2449 1169 2504 memorata
1191 2429 1229 2504 in
1252 2431 1413 2508 editione

370 2542 625 2616 Commentarii
644 2541 810 2617 Ovidiani
828 2543 920 2617 facta
938 2548 1054 2643 Hagae
1073 2572 1165 2619 anno
1189 2550 1294 2647 1716.
1338 2547 1410 2622 Sed

370 2659 470 2754 quod
487 2659 531 2730 ad
549 2660 778 2733 Plutarchum
796 2657 941 2756 spedat,
969 2659 1139 2754 ejusmodi
1156 2659 1217 2734 est.
1270 2662 1410 2736 Μετι-

371 2798 521 2848 aracos
550 2800 644 2848 anno
673 2778 765 2872 1625
793 2778 903 2850 led'tus
927 2777 1128 2851 Academiae
1154 2777 1331 2854 Francicae
1360 2805 1411 2854 re·

370 2916 450 2965 ccns
469 2889 637 2966 instituta
655 2889 789 2980 sodalis,
815 2919 859 2966 ex
881 2895 956 2991 lege
983 2891 1271 2990 Disputationem
1288 2894 1325 2976 in
1342 2898 1409 2970 So·

369 3005 505 3084 dulium
520 3023 699 3082 conuentu
715 3010 899 3107 legendam
917 3007 1059 3092 scribere
1071 3010 1286 3108 aggrediens,
1303 3037 1410 3111 argu·

369 3139 533 3199 mentum
564 3125 624 3200 fibi
656 3125 775 3200 sumsit
804 3129 844 3202 de
873 3129 1132 3225 interpretatione
1152 3129 1187 3214 ἦ
1218 3126 1254 3200 id
1284 3127 1335 3206 est
1362 3129 1408 3202 de

369 3240 474 3314 bonae
493 3219 670 3314 Verfionis¹
681 3239 819 3314 officio:
847 3266 920 3337 qua
938 3239 974 3314 in
1001 3239 1251 3340 Disputationc
1269 3245 1407 3320 Versro·

369 3379 451 3428 nem
481 3360 650 3432 Amrorr
681 3354 843 3443 recenset,
876 3354 1144 3430 innumerabilia
1172 3358 1218 3430 ab
1249 3382 1293 3430 eo
1318 3356 1407 3432 vitia

369 3468 527 3557 admisu,
544 3470 648 3543 dode
664 3484 896 3568 accurateque
913 3471 1086 3545 ostendit:
1115 3471 1218 3569 seque
1236 3470 1305 3570 ipse
1321 3475 1409 3548 Plu·

370 3586 482 3662 tarchi
508 3587 626 3683 Opera
651 3585 770 3658 denuo
797 3584 931 3660 Gallice
959 3585 1182 3660 redditurum
1205 3588 1432 3696 profitetur..

368 3703 456 3778 Hoc
483 3701 556 3798 ejus
583 3699 765 3774 consilium
791 3699 931 3774 irritum
954 3699 1036 3774 fecit
1059 3700 1269 3789 immaturus
1287 3700 1410 3781 obitus

370 3843 463 3892 anno
487 3821 591 3918 1638,
610 3815 734 3904 atatis,
753 3830 795 3906 ut
812 3814 964 3904 videtur,
991 3815 1119 3914 quinto
1136 3815 1238 3912 supra
1256 3818 1409 3914 quadra·

370 3936 555 4030 gesrmum.
608 3930 881 4014 Emendationcs
910 3931 985 4027 ejus
1011 3949 1046 4004 et
1082 3931 1411 4008 Animadversrones

371 4046 550 4144 adl'eriptae
569 4049 679 4130 tribus
698 4051 876 4128 Moralium
894 4048 1135 4123 voluminibus
1153 4049 1317 4124 editionis
1331 4055 1410 4125 Ste-

372 4164 554 4262 phanianae
573 4164 708 4246 exstant
727 4164 818 4238 inter
835 4163 1093 4254 libroslunacr
1116 4168 1253 4240 Vossrr
1269 4164 1305 4240 in
1322 4165 1409 4240 Bib-

370 4279 520 4354 liotheca
548 4278 749 4355 Academia
781 4280 1134 4379 Lugduno·Batavae,
1167 4278 1230 4367 sub
1257 4305 1409 4356 numero

675 4534 694 4571 *
718 4529 837 4608 Discourr
850 4530 880 4590 dr
893 4530 921 4590 Ia
937 4530 1101 4605 Tradulliou.
