3642 5492
371 635 472 714 cxxii
655 631 1124 710 PRAEFATIO.

373 821 474 921 quod
492 817 660 894 Latinam
677 817 1003 915 interpretationem
1017 815 1415 920 saepiffimecorrigeuds

373 932 541 1033 pervertit
558 932 608 1006 est
624 931 712 1006 illud
732 930 880 1029 quidem
903 929 1048 1006 minoris
1073 929 1259 1032 negotium
1274 930 1413 1033 religio·

312 1116 314 1122 .
371 1051 439 1138 nis,
465 1049 522 1124 sed
548 1064 669 1123 tamen
694 1045 903 1124 temeritatis
928 1044 1073 1122 nomine
1094 1047 1320 1122 vehementer
1336 1047 1414 1124 cul-

371 1166 544 1265 pandum.

422 1286 608 1380 Jonuurs
635 1283 806 1358 Runnnr
836 1279 975 1378 scriptio
1003 1277 1147 1378 paginas
1171 1279 1291 1378 explet
1318 1302 1414 1378 ¹50²

371 1422 484 1495 eaque
517 1394 686 1494 bipertita
713 1394 775 1482 est,
802 1409 844 1469 ut
873 1395 969 1493 prior
997 1419 1077 1492 pars
1107 1397 1215 1468 Wtam
1241 1394 1418 1468 Plutarchi

372 1511 552 1587 contineat
579 1509 713 1610 paginis
743 1513 803 1598 66,
832 1510 967 1609 reliqua
994 1511 1302 1606 Animadverſsorer.
1356 1509 1415 1584 De

371 1627 460 1715 vita,
484 1630 600 1715 rebus,
626 1624 772 1722 scriptis,
798 1629 967 1700 Runinr
986 1624 1036 1700 nil
1052 1622 1141 1699 mihi
1158 1622 1332 1712 innotuit,
1349 1620 1414 1698 nisi

372 1745 473 1843 quod
490 1771 535 1818 ex
551 1743 625 1840 ejus
641 1741 856 1842 praefatione,
874 1765 910 1817 et
924 1742 1124 1838 conjestura
1136 1741 1278 1818 aliunde
1289 1743 1416 1830 dum,

321 1841 329 1850 ’
372 1858 531 1957 suspicari
547 1857 645 1936 licet.
693 1859 803 1986 Qud
820 1859 923 1956 quale
946 1860 1001 1946 lit,
1027 1855 1076 1932 nil
1101 1855 1229 1932 attinet
1245 1857 1416 1932 hocloco

371 1972 556 2071 explicare.
608 1975 722 2050 Haud
747 1973 1008 2048 contemnenda
1033 1971 1071 2048 in
1099 1970 1245 2048 bomine
1266 1985 1417 2070 apparet

372 2091 514 2168 scientia
532 2089 770 2190 Antiquitatis
786 2103 822 2166 et
839 2087 1008 2167 Historiae
1024 2087 1062 2164 in'
1077 2087 1201 2188 primis
1216 2091 1416 2178 Romanas

374 2210 585 2284 Graecorrun
601 2206 709 2282 etiarn
731 2207 919 2280 austorum
935 2202 1054 2294 lectio,
1079 2219 1116 2280 et
1135 2203 1268 2304 linguae
1284 2199 1417 2278 intelli·

370 2322 489 2423 gentia
505 2321 709 2422 probabilis,
733 2347 797 2397 nec
815 2337 934 2398 tamen
959 2320 1088 2396 illaad
1116 2319 1288 2398 Criticam
1304 2317 1418 2396 ratio·

372 2463 457 2513 nem
473 2440 622 2524 exacta3
649 2438 765 2511 multa
788 2435 984 2535 loquacitas
1007 2449 1043 2510 et
1065 2434 1259 2510 alienarum
1281 2459 1305 2509 a
1330 2457 1419 2534 pro·

371 2556 484 2650 posita
499 2550 690 2651 quastione
707 2551 994 2649 rerumjactatio.
1033 2556 1156 2650 Atque
1172 2552 1250 2626 haec
1264 2549 1421 2650 quidem

371 2668 409 2746 in
427 2682 578 2765 utraque
593 2664 793 2764 scriptiones
810 2681 909 2765 parte
925 2665 1055 2742 insunt.
1108 2670 1152 2742 ln
1174 2666 1417 2744 Animadver-

370 2781 525 2860 sionibus
537 2803 633 2857 ‘vero
654 2781 763 2857 etiam
786 2781 943 2858 maxima
968 2780 1240 2881 reprehendendi
1264 2807 1340 2858 non
1363 2782 1419 2858 so·
1449 2785 1452 2790 ’

370 2900 449 2974 lum
464 2898 640 2985 voluntas,
657 2892 838 2974 sedetiam
854 2897 1027 2997 cupiditas
1042 2931 1054 2986 ;
1080 2912 1123 2974 ut
1140 2897 1419 2997 reprehensionis

371 3030 407 3088 et
426 3020 642 3092 occasionem
665 3014 786 3092 dedita
809 3041 917 3114 opera
941 3015 1144 3113 quaefiviffe,
1168 3030 1204 3088 et
1226 3013 1418 3092 materiam
1457 3083 1459 3094 .

369 3131 440 3230 ipse
466 3134 529 3208 fibi
554 3133 703 3209 subinde
726 3131 862 3208 finxisse
889 3133 1063 3220 videatur,
1087 3157 1207 3230 quum
1228 3129 1415 3212 Plutarchi

369 3251 477 3321 verba
491 3249 588 3347 prius
603 3248 867 3346 interpretando
892 3250 930 3324 in
954 3249 1104 3324 alienam
1120 3248 1333 3326 sententiam
1350 3251 1416 3325 de·

370 3378 528 3461 torquet,
551 3389 660 3461 quam
686 3361 814 3438 deinde
839 3390 881 3438 eo
906 3363 1041 3438 facilius
1063 3362 1208 3466 refellat.
1261 3366 1321 3440 De
1341 3361 1419 3442 istis

370 3479 550 3556 Plutarchi
569 3477 867 3577 reprehensoribus
886 3477 1020 3576 semper
1044 3478 1134 3554 mihi
1158 3476 1295 3578 placuit
1311 3479 1419 3578 quod

369 3599 656 3671 Rurruuauws
676 3593 789 3668 noster
803 3592 917 3670 dicere
930 3593 1027 3682 solet,
1047 3596 1118 3669 Odi
1130 3598 1264 3694 censores
1281 3599 1416 3670 nimium
1436 3673 1447 3690 ,

370 3731 505 3788 nautor.
554 3711 621 3787 Sed
640 3712 737 3786 hunc
752 3711 871 3784 locum
898 3735 971 3784 non
999 3709 1049 3786 est
1074 3712 1173 3808 quod
1190 3737 1287 3786 nunc
1304 3712 1418 3788 latius

370 3826 637 3924 persequamur3
656 3823 949 3923 quandoquidem
966 3824 1113 3900 subinde
1130 3826 1233 3902 nobis
1250 3841 1287 3902 et
1303 3827 1419 3904 attin-¹

370 3943 506 4035 gendus
532 3959 567 4015 et
594 3941 796 4017 trastandus
820 3942 885 4016 erit
914 3941 952 4016 in
976 3942 1352 4020 Animadverfionibtu
1379 3961 1418 4020 et

371 4053 582 4129 Narratione
599 4058 642 4129 de
659 4057 745 4131 Vita
761 4073 796 4132 et
817 4058 962 4156 Scriptis
987 4059 1194 4133 Plutarchi:
1222 4085 1314 4159 quas
1327 4059 1422 4136 huic

371 4169 494 4243 nostra
524 4169 684 4245 Editioni
714 4173 861 4268 adjicere
889 4173 1153 4264 constituimus,
1180 4179 1294 4252 modo
1320 4176 1441 4256 vires*

371 4284 473 4357 nobis
489 4301 525 4358 et
543 4285 626 4359 ritae
642 4285 745 4360 usum
763 4289 934 4364 concedat
953 4289 1065 4365 Deus.

421 4400 600 4475 Caeterum
631 4415 757 4498 praeter
788 4403 860 4477 illas
893 4404 939 4477 de
973 4407 1104 4502 quibus
1144 4405 1304 4480 diximus
1342 4421 1419 4482 tres

373 4516 663 4594 Graeco-Latinas
679 4521 971 4598 Plutarcheorum
996 4547 1144 4621 operum
1163 4521 1418 4600 universorum·
