<?xml version="1.0" encoding="UTF-8"?>
<!DOCTYPE html PUBLIC "-//W3C//DTD XHTML 1.0 Transitional//EN"
    "http://www.w3.org/TR/xhtml1/DTD/xhtml1-transitional.dtd">
<html xmlns="http://www.w3.org/1999/xhtml" xml:lang="en" lang="en">
 <head>
  <title>
</title>
<meta http-equiv="Content-Type" content="text/html;charset=utf-8" />
  <meta name='ocr-system' content='tesseract 3.04.00' />
  <meta name='ocr-capabilities' content='ocr_page ocr_carea ocr_par ocr_line ocrx_word'/>
</head>
<body>
  <div class='ocr_page' id='page_1' title='image "./plutarchichaero10plutgoog_0038.png"; bbox 0 0 3642 5492; ppageno 0'>
   <div class='ocr_carea' id='block_1_1' title="bbox 379 593 1123 732">
    <p class='ocr_par' dir='ltr' id='par_1_1' title="bbox 379 593 1123 732">
     <span class='ocr_line' id='line_1_1' title="bbox 379 593 1123 732; baseline 0.009 -61"><span class='ocrx_word' id='word_1_1' title='bbox 379 593 489 671; x_wconf 82' lang='lat' dir='ltr'>xxxiv</span> <span class='ocrx_word' id='word_1_2' title='bbox 661 597 1123 732; x_wconf 37' lang='grc' dir='ltr'>Ι[ιἸἰᾸίῙῗΑΤῙΟ.</span> 
     </span>
    </p>
   </div>
   <div class='ocr_carea' id='block_1_2' title="bbox 378 775 1426 1462">
    <p class='ocr_par' dir='ltr' id='par_1_2' title="bbox 378 775 1426 1462">
     <span class='ocr_line' id='line_1_2' title="bbox 380 775 1426 884; baseline 0.013 -31"><span class='ocrx_word' id='word_1_3' title='bbox 380 782 536 856; x_wconf 81' lang='lat' dir='ltr'>Socrates</span> <span class='ocrx_word' id='word_1_4' title='bbox 558 780 620 867; x_wconf 85' lang='lat' dir='ltr'>ait,</span> <span class='ocrx_word' id='word_1_5' title='bbox 647 782 790 884; x_wconf 72' lang='lat' dir='ltr'>airapyoi</span> <span class='ocrx_word' id='word_1_6' title='bbox 806 786 860 865; x_wconf 68' lang='lat' dir='ltr'>tiit</span> <span class='ocrx_word' id='word_1_7' title='bbox 876 786 994 877; x_wconf 72' lang='lat' dir='ltr'>rapiat.</span> <span class='ocrx_word' id='word_1_8' title='bbox 1045 785 1123 862; x_wconf 78' lang='lat' dir='ltr'>Sint</span> <span class='ocrx_word' id='word_1_9' title='bbox 1147 785 1204 862; x_wconf 76' lang='lat' dir='ltr'>alii</span> <span class='ocrx_word' id='word_1_10' title='bbox 1229 775 1426 866; x_wconf 62' lang='lat' dir='ltr'>architesff&#39;</span> 
     </span>
     <span class='ocr_line' id='line_1_3' title="bbox 378 895 1412 998; baseline 0.007 -28"><span class='ocrx_word' id='word_1_11' title='bbox 378 895 561 983; x_wconf 67' lang='lat' dir='ltr'>doetrinae,</span> <span class='ocrx_word' id='word_1_12' title='bbox 579 896 732 972; x_wconf 89' lang='lat' dir='ltr'>habeant</span> <span class='ocrx_word' id='word_1_13' title='bbox 748 896 826 972; x_wconf 88' lang='lat' dir='ltr'>suos</span> <span class='ocrx_word' id='word_1_14' title='bbox 842 896 1016 996; x_wconf 81' lang='lat' dir='ltr'>operarios</span> <span class='ocrx_word' id='word_1_15' title='bbox 1031 915 1068 976; x_wconf 92' lang='lat' dir='ltr'>et</span> <span class='ocrx_word' id='word_1_16' title='bbox 1084 902 1231 998; x_wconf 87' lang='lat' dir='ltr'>bajttlos,</span> <span class='ocrx_word' id='word_1_17' title='bbox 1247 915 1412 992; x_wconf 80' lang='lat' dir='ltr'>oontem·</span> 
     </span>
     <span class='ocr_line' id='line_1_4' title="bbox 381 1012 1414 1112; baseline 0.011 -26"><span class='ocrx_word' id='word_1_18' title='bbox 381 1028 467 1086; x_wconf 86' lang='lat' dir='ltr'>nant</span> <span class='ocrx_word' id='word_1_19' title='bbox 484 1040 547 1087; x_wconf 86' lang='lat' dir='ltr'>nos</span> <span class='ocrx_word' id='word_1_20' title='bbox 563 1012 626 1111; x_wconf 90' lang='lat' dir='ltr'>qui</span> <span class='ocrx_word' id='word_1_21' title='bbox 643 1014 744 1088; x_wconf 89' lang='lat' dir='ltr'>nobis</span> <span class='ocrx_word' id='word_1_22' title='bbox 763 1014 824 1112; x_wconf 92' lang='lat' dir='ltr'>ipsr</span> <span class='ocrx_word' id='word_1_23' title='bbox 849 1013 957 1112; x_wconf 88' lang='lat' dir='ltr'>bajuli</span> <span class='ocrx_word' id='word_1_24' title='bbox 975 1014 1106 1106; x_wconf 87' lang='lat' dir='ltr'>sumus,</span> <span class='ocrx_word' id='word_1_25' title='bbox 1130 1019 1281 1093; x_wconf 82' lang='lat' dir='ltr'>habeant</span> <span class='ocrx_word' id='word_1_26' title='bbox 1297 1019 1414 1096; x_wconf 86' lang='lat' dir='ltr'>comi·</span> 
     </span>
     <span class='ocr_line' id='line_1_5' title="bbox 381 1130 1415 1233; baseline 0.006 -27"><span class='ocrx_word' id='word_1_27' title='bbox 381 1148 511 1221; x_wconf 90' lang='lat' dir='ltr'>tatum,</span> <span class='ocrx_word' id='word_1_28' title='bbox 537 1147 690 1206; x_wconf 83' lang='lat' dir='ltr'>catervas</span> <span class='ocrx_word' id='word_1_29' title='bbox 714 1130 936 1206; x_wconf 72' lang='lat' dir='ltr'><strong>laudantium</strong></span> <span class='ocrx_word' id='word_1_30' title='bbox 965 1150 1001 1208; x_wconf 90' lang='lat' dir='ltr'>ct</span> <span class='ocrx_word' id='word_1_31' title='bbox 1030 1131 1236 1210; x_wconf 81' lang='lat' dir='ltr'>mirantium</span> <span class='ocrx_word' id='word_1_32' title='bbox 1260 1133 1415 1233; x_wconf 80' lang='lat' dir='ltr'>speciem</span> 
     </span>
     <span class='ocr_line' id='line_1_6' title="bbox 378 1246 1415 1346; baseline 0.003 -23"><span class='ocrx_word' id='word_1_33' title='bbox 378 1246 596 1335; x_wconf 89' lang='lat' dir='ltr'>eruditionis,</span> <span class='ocrx_word' id='word_1_34' title='bbox 614 1247 762 1323; x_wconf 88' lang='lat' dir='ltr'><strong>volitent</strong></span> <span class='ocrx_word' id='word_1_35' title='bbox 775 1247 846 1322; x_wconf 84' lang='lat' dir='ltr'>vivi</span> <span class='ocrx_word' id='word_1_36' title='bbox 862 1269 924 1346; x_wconf 91' lang='lat' dir='ltr'>per</span> <span class='ocrx_word' id='word_1_37' title='bbox 940 1274 1002 1324; x_wconf 90' lang='lat' dir='ltr'>ora</span> <span class='ocrx_word' id='word_1_38' title='bbox 1012 1248 1214 1340; x_wconf 80' lang='lat' dir='ltr'>bominum,</span> <span class='ocrx_word' id='word_1_39' title='bbox 1225 1249 1415 1326; x_wconf 80' lang='lat' dir='ltr'>videantur</span> 
     </span>
     <span class='ocr_line' id='line_1_7' title="bbox 379 1358 917 1462; baseline -0.006 -24"><span class='ocrx_word' id='word_1_40' title='bbox 379 1362 441 1439; x_wconf 85' lang='lat' dir='ltr'>srbi</span> <span class='ocrx_word' id='word_1_41' title='bbox 458 1358 599 1462; x_wconf 86' lang='lat' dir='ltr'>aliisque</span> <span class='ocrx_word' id='word_1_42' title='bbox 616 1363 773 1437; x_wconf 87' lang='lat' dir='ltr'>multum</span> <span class='ocrx_word' id='word_1_43' title='bbox 790 1361 917 1462; x_wconf 85' lang='lat' dir='ltr'>sapere,</span> 
     </span>
    </p>
   </div>
   <div class='ocr_carea' id='block_1_3' title="bbox 363 1471 1421 4450">
    <p class='ocr_par' dir='ltr' id='par_1_3' title="bbox 506 1471 1252 1673">
     <span class='ocr_line' id='line_1_8' title="bbox 1056 1471 1175 1548; baseline 0.017 -2"><span class='ocrx_word' id='word_1_44' title='bbox 1056 1471 1175 1548; x_wconf 77' lang='lat' dir='ltr'>Horum</span> 
     </span>
     <span class='ocr_line' id='line_1_9' title="bbox 506 1582 1252 1673; baseline 0.003 -24"><span class='ocrx_word' id='word_1_45' title='bbox 506 1584 622 1672; x_wconf 83' lang='lat' dir='ltr'><em>Semper</em></span> <span class='ocrx_word' id='word_1_46' title='bbox 636 1606 683 1668; x_wconf 85' lang='lat' dir='ltr'>egr</span> <span class='ocrx_word' id='word_1_47' title='bbox 697 1582 819 1670; x_wconf 80' lang='lat' dir='ltr'>optarim</span> <span class='ocrx_word' id='word_1_48' title='bbox 835 1582 1037 1670; x_wconf 78' lang='lat' dir='ltr'>pauperrimus</span> <span class='ocrx_word' id='word_1_49' title='bbox 1050 1585 1100 1673; x_wconf 82' lang='lat' dir='ltr'>effe</span> <span class='ocrx_word' id='word_1_50' title='bbox 1112 1586 1252 1650; x_wconf 69' lang='lat' dir='ltr'>bonnm</span> 
     </span>
    </p>

    <p class='ocr_par' dir='ltr' id='par_1_4' title="bbox 363 1718 1421 4450">
     <span class='ocr_line' id='line_1_10' title="bbox 429 1718 1409 1818; baseline -0.002 -22"><span class='ocrx_word' id='word_1_51' title='bbox 429 1723 521 1796; x_wconf 84' lang='lat' dir='ltr'>Haec</span> <span class='ocrx_word' id='word_1_52' title='bbox 547 1720 634 1795; x_wconf 89' lang='lat' dir='ltr'>mihi</span> <span class='ocrx_word' id='word_1_53' title='bbox 664 1719 811 1794; x_wconf 89' lang='lat' dir='ltr'>dicenda</span> <span class='ocrx_word' id='word_1_54' title='bbox 836 1720 1005 1816; x_wconf 88' lang='lat' dir='ltr'>judicavi,</span> <span class='ocrx_word' id='word_1_55' title='bbox 1033 1722 1077 1795; x_wconf 89' lang='lat' dir='ltr'>de</span> <span class='ocrx_word' id='word_1_56' title='bbox 1104 1745 1217 1818; x_wconf 89' lang='lat' dir='ltr'>operae</span> <span class='ocrx_word' id='word_1_57' title='bbox 1242 1744 1343 1794; x_wconf 88' lang='lat' dir='ltr'>ame</span> <span class='ocrx_word' id='word_1_58' title='bbox 1372 1718 1409 1794; x_wconf 76' lang='lat' dir='ltr'>ln</span> 
     </span>
     <span class='ocr_line' id='line_1_11' title="bbox 379 1835 1413 1936; baseline -0.003 -23"><span class='ocrx_word' id='word_1_59' title='bbox 379 1839 571 1913; x_wconf 83' lang='lat' dir='ltr'>Plutarcho</span> <span class='ocrx_word' id='word_1_60' title='bbox 596 1837 774 1911; x_wconf 85' lang='lat' dir='ltr'>collocatae</span> <span class='ocrx_word' id='word_1_61' title='bbox 803 1835 910 1935; x_wconf 80' lang='lat' dir='ltr'>initiis</span> <span class='ocrx_word' id='word_1_62' title='bbox 935 1850 971 1910; x_wconf 93' lang='lat' dir='ltr'>et</span> <span class='ocrx_word' id='word_1_63' title='bbox 997 1838 1186 1936; x_wconf 77' lang='lat' dir='ltr'>progressu,</span> <span class='ocrx_word' id='word_1_64' title='bbox 1219 1838 1320 1922; x_wconf 88' lang='lat' dir='ltr'>tardo</span> <span class='ocrx_word' id='word_1_65' title='bbox 1350 1835 1413 1910; x_wconf 88' lang='lat' dir='ltr'>illo</span> 
     </span>
     <span class='ocr_line' id='line_1_12' title="bbox 378 1943 1411 2048; baseline 0 -25"><span class='ocrx_word' id='word_1_66' title='bbox 378 1950 538 2048; x_wconf 87' lang='lat' dir='ltr'>quidem,</span> <span class='ocrx_word' id='word_1_67' title='bbox 566 1947 624 2023; x_wconf 88' lang='lat' dir='ltr'>sed</span> <span class='ocrx_word' id='word_1_68' title='bbox 647 1963 765 2022; x_wconf 89' lang='lat' dir='ltr'>tamen</span> <span class='ocrx_word' id='word_1_69' title='bbox 792 1943 999 2047; x_wconf 78' lang='lat' dir='ltr'>progreffu3</span> <span class='ocrx_word' id='word_1_70' title='bbox 1034 1975 1132 2037; x_wconf 89' lang='lat' dir='ltr'>cum,</span> <span class='ocrx_word' id='word_1_71' title='bbox 1165 1964 1208 2022; x_wconf 89' lang='lat' dir='ltr'>ut</span> <span class='ocrx_word' id='word_1_72' title='bbox 1235 1948 1411 2023; x_wconf 85' lang='lat' dir='ltr'>rationem</span> 
     </span>
     <span class='ocr_line' id='line_1_13' title="bbox 380 2061 1412 2160; baseline -0.001 -22"><span class='ocrx_word' id='word_1_73' title='bbox 380 2062 532 2140; x_wconf 89' lang='lat' dir='ltr'>nominis</span> <span class='ocrx_word' id='word_1_74' title='bbox 550 2064 648 2138; x_wconf 89' lang='lat' dir='ltr'>tarde</span> <span class='ocrx_word' id='word_1_75' title='bbox 663 2062 767 2137; x_wconf 89' lang='lat' dir='ltr'>soluti</span> <span class='ocrx_word' id='word_1_76' title='bbox 783 2065 981 2137; x_wconf 85' lang='lat' dir='ltr'>redderem:</span> <span class='ocrx_word' id='word_1_77' title='bbox 1001 2078 1095 2152; x_wconf 85' lang='lat' dir='ltr'>turn,</span> <span class='ocrx_word' id='word_1_78' title='bbox 1112 2061 1236 2138; x_wconf 85' lang='lat' dir='ltr'>fisorte</span> <span class='ocrx_word' id='word_1_79' title='bbox 1247 2063 1412 2160; x_wconf 82' lang='lat' dir='ltr'>juvenes,</span> 
     </span>
     <span class='ocr_line' id='line_1_14' title="bbox 379 2179 1411 2281; baseline -0.003 -26"><span class='ocrx_word' id='word_1_80' title='bbox 379 2179 443 2280; x_wconf 91' lang='lat' dir='ltr'>qui</span> <span class='ocrx_word' id='word_1_81' title='bbox 460 2181 648 2281; x_wconf 87' lang='lat' dir='ltr'>aliquando</span> <span class='ocrx_word' id='word_1_82' title='bbox 665 2180 760 2255; x_wconf 88' lang='lat' dir='ltr'>aliud</span> <span class='ocrx_word' id='word_1_83' title='bbox 777 2179 976 2277; x_wconf 84' lang='lat' dir='ltr'>hujufinodi</span> <span class='ocrx_word' id='word_1_84' title='bbox 1001 2179 1163 2255; x_wconf 81' lang='lat' dir='ltr'>editionis</span> <span class='ocrx_word' id='word_1_85' title='bbox 1187 2206 1277 2278; x_wconf 85' lang='lat' dir='ltr'>opus</span> <span class='ocrx_word' id='word_1_86' title='bbox 1294 2182 1411 2279; x_wconf 89' lang='lat' dir='ltr'>capes·</span> 
     </span>
     <span class='ocr_line' id='line_1_15' title="bbox 380 2293 1414 2386; baseline 0 -16"><span class='ocrx_word' id='word_1_87' title='bbox 380 2298 502 2386; x_wconf 85' lang='lat' dir='ltr'>serent,</span> <span class='ocrx_word' id='word_1_88' title='bbox 531 2323 576 2372; x_wconf 88' lang='lat' dir='ltr'>ex</span> <span class='ocrx_word' id='word_1_89' title='bbox 604 2295 689 2371; x_wconf 88' lang='lat' dir='ltr'>meis</span> <span class='ocrx_word' id='word_1_90' title='bbox 714 2294 887 2371; x_wconf 89' lang='lat' dir='ltr'>erroribus</span> <span class='ocrx_word' id='word_1_91' title='bbox 915 2295 1112 2370; x_wconf 90' lang='lat' dir='ltr'>breviorem</span> <span class='ocrx_word' id='word_1_92' title='bbox 1134 2293 1230 2369; x_wconf 85' lang='lat' dir='ltr'>viam</span> <span class='ocrx_word' id='word_1_93' title='bbox 1255 2293 1414 2370; x_wconf 73' lang='lat' dir='ltr'>inveniro</span> 
     </span>
     <span class='ocr_line' id='line_1_16' title="bbox 378 2407 1412 2508; baseline 0.001 -26"><span class='ocrx_word' id='word_1_94' title='bbox 378 2412 528 2507; x_wconf 79' lang='lat' dir='ltr'>possent.</span> <span class='ocrx_word' id='word_1_95' title='bbox 570 2409 651 2482; x_wconf 89' lang='lat' dir='ltr'>Hos</span> <span class='ocrx_word' id='word_1_96' title='bbox 668 2428 752 2482; x_wconf 82' lang='lat' dir='ltr'>vero</span> <span class='ocrx_word' id='word_1_97' title='bbox 768 2407 875 2483; x_wconf 88' lang='lat' dir='ltr'>etiam</span> <span class='ocrx_word' id='word_1_98' title='bbox 892 2431 1034 2482; x_wconf 90' lang='lat' dir='ltr'>monere</span> <span class='ocrx_word' id='word_1_99' title='bbox 1050 2410 1175 2495; x_wconf 87' lang='lat' dir='ltr'>debeo,</span> <span class='ocrx_word' id='word_1_100' title='bbox 1192 2421 1235 2482; x_wconf 83' lang='lat' dir='ltr'>ot</span> <span class='ocrx_word' id='word_1_101' title='bbox 1250 2407 1412 2508; x_wconf 87' lang='lat' dir='ltr'>cogitent</span> 
     </span>
     <span class='ocr_line' id='line_1_17' title="bbox 379 2519 1416 2621; baseline 0.001 -26"><span class='ocrx_word' id='word_1_102' title='bbox 379 2525 481 2619; x_wconf 86' lang='lat' dir='ltr'>quale</span> <span class='ocrx_word' id='word_1_103' title='bbox 500 2539 747 2621; x_wconf 89' lang='lat' dir='ltr'>quantumque</span> <span class='ocrx_word' id='word_1_104' title='bbox 765 2544 855 2595; x_wconf 82' lang='lat' dir='ltr'>onus</span> <span class='ocrx_word' id='word_1_105' title='bbox 866 2519 1063 2620; x_wconf 88' lang='lat' dir='ltr'>suscipiant.</span> <span class='ocrx_word' id='word_1_106' title='bbox 1112 2520 1245 2610; x_wconf 84' lang='lat' dir='ltr'>Sciant,</span> <span class='ocrx_word' id='word_1_107' title='bbox 1270 2521 1416 2597; x_wconf 85' lang='lat' dir='ltr'>incon·</span> 
     </span>
     <span class='ocr_line' id='line_1_18' title="bbox 378 2624 1411 2736; baseline 0.003 -25"><span class='ocrx_word' id='word_1_108' title='bbox 378 2640 537 2713; x_wconf 83' lang='lat' dir='ltr'>ficiundo</span> <span class='ocrx_word' id='word_1_109' title='bbox 559 2664 661 2735; x_wconf 88' lang='lat' dir='ltr'>opere</span> <span class='ocrx_word' id='word_1_110' title='bbox 686 2637 765 2736; x_wconf 74' lang='lat' dir='ltr'>ipsis</span> <span class='ocrx_word' id='word_1_111' title='bbox 786 2663 859 2714; x_wconf 89' lang='lat' dir='ltr'>non</span> <span class='ocrx_word' id='word_1_112' title='bbox 880 2638 993 2712; x_wconf 89' lang='lat' dir='ltr'>solum</span> <span class='ocrx_word' id='word_1_113' title='bbox 1016 2653 1101 2713; x_wconf 79' lang='lat' dir='ltr'>cum</span> <span class='ocrx_word' id='word_1_114' title='bbox 1122 2624 1241 2712; x_wconf 78' lang='lat' dir='ltr'>labore</span> <span class='ocrx_word' id='word_1_115' title='bbox 1262 2637 1411 2714; x_wconf 88' lang='lat' dir='ltr'>conflic-</span> 
     </span>
     <span class='ocr_line' id='line_1_19' title="bbox 378 2752 1412 2851; baseline 0.004 -23"><span class='ocrx_word' id='word_1_116' title='bbox 378 2757 529 2829; x_wconf 87' lang='lat' dir='ltr'>tandum</span> <span class='ocrx_word' id='word_1_117' title='bbox 546 2757 624 2842; x_wconf 82' lang='lat' dir='ltr'>ess&#39;e,</span> <span class='ocrx_word' id='word_1_118' title='bbox 646 2753 703 2828; x_wconf 92' lang='lat' dir='ltr'>sed</span> <span class='ocrx_word' id='word_1_119' title='bbox 719 2752 827 2827; x_wconf 87' lang='lat' dir='ltr'>etiarn</span> <span class='ocrx_word' id='word_1_120' title='bbox 843 2780 927 2829; x_wconf 85' lang='lat' dir='ltr'>cum</span> <span class='ocrx_word' id='word_1_121' title='bbox 945 2752 1242 2851; x_wconf 85' lang='lat' dir='ltr'>reprehensoribus</span> <span class='ocrx_word' id='word_1_122' title='bbox 1258 2755 1412 2832; x_wconf 83' lang='lat' dir='ltr'>laboris:</span> 
     </span>
     <span class='ocr_line' id='line_1_20' title="bbox 375 2866 1415 2974; baseline 0.004 -31"><span class='ocrx_word' id='word_1_123' title='bbox 375 2869 542 2974; x_wconf 64' lang='lat' dir='ltr'>consecto</span> <span class='ocrx_word' id='word_1_124' title='bbox 570 2892 688 2965; x_wconf 87' lang='lat' dir='ltr'>opere,</span> <span class='ocrx_word' id='word_1_125' title='bbox 714 2866 941 2965; x_wconf 72' lang='lat' dir='ltr'>pauciffimos·</span> <span class='ocrx_word' id='word_1_126' title='bbox 961 2866 1050 2955; x_wconf 84' lang='lat' dir='ltr'>sore,</span> <span class='ocrx_word' id='word_1_127' title='bbox 1077 2866 1185 2942; x_wconf 88' lang='lat' dir='ltr'>etiam</span> <span class='ocrx_word' id='word_1_128' title='bbox 1207 2894 1252 2942; x_wconf 80' lang='lat' dir='ltr'>ex</span> <span class='ocrx_word' id='word_1_129' title='bbox 1277 2867 1318 2942; x_wconf 84' lang='lat' dir='ltr'>iis</span> <span class='ocrx_word' id='word_1_130' title='bbox 1346 2869 1415 2968; x_wconf 79' lang='lat' dir='ltr'>qui</span> 
     </span>
     <span class='ocr_line' id='line_1_21' title="bbox 370 2982 1412 3085; baseline -0.005 -24"><span class='ocrx_word' id='word_1_131' title='bbox 370 2985 529 3084; x_wconf 87' lang='lat' dir='ltr'>judicare</span> <span class='ocrx_word' id='word_1_132' title='bbox 544 2982 679 3082; x_wconf 79' lang='lat' dir='ltr'>aliquid</span> <span class='ocrx_word' id='word_1_133' title='bbox 696 2986 840 3081; x_wconf 86' lang='lat' dir='ltr'>poffint,</span> <span class='ocrx_word' id='word_1_134' title='bbox 859 2982 923 3081; x_wconf 89' lang='lat' dir='ltr'>qui</span> <span class='ocrx_word' id='word_1_135' title='bbox 939 3007 1081 3081; x_wconf 85' lang='lat' dir='ltr'>operam</span> <span class='ocrx_word' id='word_1_136' title='bbox 1096 2982 1322 3083; x_wconf 82' lang='lat' dir='ltr'>cognoscant,</span> <span class='ocrx_word' id='word_1_137' title='bbox 1348 3011 1412 3085; x_wconf 86' lang='lat' dir='ltr'>ag·</span> 
     </span>
     <span class='ocr_line' id='line_1_22' title="bbox 379 3093 1411 3202; baseline 0.004 -27"><span class='ocrx_word' id='word_1_138' title='bbox 379 3102 535 3190; x_wconf 84' lang='lat' dir='ltr'>noscant,</span> <span class='ocrx_word' id='word_1_139' title='bbox 561 3104 655 3176; x_wconf 69' lang='lat' dir='ltr'>rene</span> <span class='ocrx_word' id='word_1_140' title='bbox 683 3100 869 3189; x_wconf 69' lang='lat' dir='ltr'>estiment,</span> <span class='ocrx_word' id='word_1_141' title='bbox 902 3115 958 3175; x_wconf 92' lang='lat' dir='ltr'>tot</span> <span class='ocrx_word' id='word_1_142' title='bbox 989 3093 1172 3175; x_wconf 86' lang='lat' dir='ltr'>volumina</span> <span class='ocrx_word' id='word_1_143' title='bbox 1198 3099 1330 3202; x_wconf 84' lang='lat' dir='ltr'>legant,</span> <span class='ocrx_word' id='word_1_144' title='bbox 1365 3116 1411 3180; x_wconf 87' lang='lat' dir='ltr'>ut</span> 
     </span>
     <span class='ocr_line' id='line_1_23' title="bbox 376 3205 1414 3316; baseline 0.004 -26"><span class='ocrx_word' id='word_1_145' title='bbox 376 3220 471 3291; x_wconf 83' lang='lat' dir='ltr'>locos</span> <span class='ocrx_word' id='word_1_146' title='bbox 499 3216 761 3314; x_wconf 85' lang='lat' dir='ltr'>deprehendant</span> <span class='ocrx_word' id='word_1_147' title='bbox 791 3240 852 3291; x_wconf 76' lang='lat' dir='ltr'>eoa</span> <span class='ocrx_word' id='word_1_148' title='bbox 880 3216 920 3290; x_wconf 91' lang='lat' dir='ltr'>in</span> <span class='ocrx_word' id='word_1_149' title='bbox 948 3214 1080 3315; x_wconf 77' lang='lat' dir='ltr'>quibus</span> <span class='ocrx_word' id='word_1_150' title='bbox 1108 3205 1262 3292; x_wconf 83' lang='lat' dir='ltr'>maxime</span> <span class='ocrx_word' id='word_1_151' title='bbox 1293 3242 1414 3316; x_wconf 85' lang='lat' dir='ltr'>operae</span> 
     </span>
     <span class='ocr_line' id='line_1_24' title="bbox 375 3328 1413 3432; baseline -0.006 -27"><span class='ocrx_word' id='word_1_152' title='bbox 375 3330 531 3432; x_wconf 83' lang='lat' dir='ltr'>pretium</span> <span class='ocrx_word' id='word_1_153' title='bbox 553 3328 688 3408; x_wconf 71' lang='lat' dir='ltr'>fanum</span> <span class='ocrx_word' id='word_1_154' title='bbox 704 3331 776 3407; x_wconf 87' lang='lat' dir='ltr'>est:</span> <span class='ocrx_word' id='word_1_155' title='bbox 802 3330 975 3432; x_wconf 83' lang='lat' dir='ltr'>plurimos</span> <span class='ocrx_word' id='word_1_156' title='bbox 999 3330 1072 3405; x_wconf 88' lang='lat' dir='ltr'>sore</span> <span class='ocrx_word' id='word_1_157' title='bbox 1097 3331 1263 3407; x_wconf 80' lang='lat' dir='ltr'>novitatis</span> <span class='ocrx_word' id='word_1_158' title='bbox 1286 3339 1413 3431; x_wconf 66' lang='lat' dir='ltr'>capta-</span> 
     </span>
     <span class='ocr_line' id='line_1_25' title="bbox 375 3442 1411 3546; baseline 0.002 -26"><span class='ocrx_word' id='word_1_159' title='bbox 375 3455 482 3535; x_wconf 84' lang='lat' dir='ltr'>tores,</span> <span class='ocrx_word' id='word_1_160' title='bbox 502 3444 567 3546; x_wconf 89' lang='lat' dir='ltr'>qui</span> <span class='ocrx_word' id='word_1_161' title='bbox 592 3444 630 3519; x_wconf 92' lang='lat' dir='ltr'>in</span> <span class='ocrx_word' id='word_1_162' title='bbox 652 3472 742 3543; x_wconf 84' lang='lat' dir='ltr'>opus</span> <span class='ocrx_word' id='word_1_163' title='bbox 760 3445 934 3534; x_wconf 82' lang='lat' dir='ltr'>involent,</span> <span class='ocrx_word' id='word_1_164' title='bbox 956 3443 1081 3520; x_wconf 71' lang='lat' dir='ltr'>leviter</span> <span class='ocrx_word' id='word_1_165' title='bbox 1099 3442 1298 3542; x_wconf 81' lang='lat' dir='ltr'>inspiciant,</span> <span class='ocrx_word' id='word_1_166' title='bbox 1320 3470 1411 3522; x_wconf 86' lang='lat' dir='ltr'>con·</span> 
     </span>
     <span class='ocr_line' id='line_1_26' title="bbox 373 3561 1421 3664; baseline 0 -28"><span class='ocrx_word' id='word_1_167' title='bbox 373 3561 479 3645; x_wconf 78' lang='lat' dir='ltr'>rinno</span> <span class='ocrx_word' id='word_1_168' title='bbox 506 3562 714 3637; x_wconf 88' lang='lat' dir='ltr'>sententiam</span> <span class='ocrx_word' id='word_1_169' title='bbox 738 3562 776 3638; x_wconf 90' lang='lat' dir='ltr'>in</span> <span class='ocrx_word' id='word_1_170' title='bbox 797 3561 984 3662; x_wconf 85' lang='lat' dir='ltr'>publicum</span> <span class='ocrx_word' id='word_1_171' title='bbox 1004 3565 1172 3661; x_wconf 87' lang='lat' dir='ltr'>prodant,</span> <span class='ocrx_word' id='word_1_172' title='bbox 1195 3561 1307 3662; x_wconf 88' lang='lat' dir='ltr'>specie</span> <span class='ocrx_word' id='word_1_173' title='bbox 1328 3589 1421 3664; x_wconf 55' lang='lat' dir='ltr'>gra-4</span> 
     </span>
     <span class='ocr_line' id='line_1_27' title="bbox 372 3677 1413 3778; baseline 0.004 -24"><span class='ocrx_word' id='word_1_174' title='bbox 372 3707 468 3768; x_wconf 82' lang='lat' dir='ltr'>vem.</span> <span class='ocrx_word' id='word_1_175' title='bbox 491 3707 526 3755; x_wconf 90' lang='lat' dir='ltr'>re</span> <span class='ocrx_word' id='word_1_176' title='bbox 548 3683 677 3767; x_wconf 83' lang='lat' dir='ltr'>levem,</span> <span class='ocrx_word' id='word_1_177' title='bbox 705 3705 786 3755; x_wconf 86' lang='lat' dir='ltr'>eam</span> <span class='ocrx_word' id='word_1_178' title='bbox 805 3695 927 3753; x_wconf 86' lang='lat' dir='ltr'>tamen</span> <span class='ocrx_word' id='word_1_179' title='bbox 948 3703 1060 3777; x_wconf 85' lang='lat' dir='ltr'>qoam</span> <span class='ocrx_word' id='word_1_180' title='bbox 1081 3680 1209 3777; x_wconf 81' lang='lat' dir='ltr'>vulgus</span> <span class='ocrx_word' id='word_1_181' title='bbox 1231 3677 1413 3778; x_wconf 85' lang='lat' dir='ltr'>sequatur.</span> 
     </span>
     <span class='ocr_line' id='line_1_28' title="bbox 363 3784 1411 3894; baseline -0.004 -21"><span class='ocrx_word' id='word_1_182' title='bbox 363 3784 543 3893; x_wconf 76' lang='lat' dir='ltr'>‘cogitent</span> <span class='ocrx_word' id='word_1_183' title='bbox 569 3793 702 3894; x_wconf 83' lang='lat' dir='ltr'>quibus</span> <span class='ocrx_word' id='word_1_184' title='bbox 729 3791 926 3869; x_wconf 79' lang='lat' dir='ltr'>rationibus</span> <span class='ocrx_word' id='word_1_185' title='bbox 958 3791 1118 3894; x_wconf 81' lang='lat' dir='ltr'>animum</span> <span class='ocrx_word' id='word_1_186' title='bbox 1143 3790 1331 3883; x_wconf 83' lang='lat' dir='ltr'>instruant,</span> <span class='ocrx_word' id='word_1_187' title='bbox 1365 3809 1411 3877; x_wconf 79' lang='lat' dir='ltr'>ut</span> 
     </span>
     <span class='ocr_line' id='line_1_29' title="bbox 372 3899 1412 4010; baseline 0.006 -29"><span class='ocrx_word' id='word_1_188' title='bbox 372 3923 557 3990; x_wconf 81' lang='lat' dir='ltr'>contemta</span> <span class='ocrx_word' id='word_1_189' title='bbox 572 3906 707 4010; x_wconf 79' lang='lat' dir='ltr'>vulgari</span> <span class='ocrx_word' id='word_1_190' title='bbox 721 3906 880 4007; x_wconf 82' lang='lat' dir='ltr'>gloriola,</span> <span class='ocrx_word' id='word_1_191' title='bbox 889 3907 972 3985; x_wconf 82' lang='lat' dir='ltr'>‚solo</span> <span class='ocrx_word' id='word_1_192' title='bbox 986 3899 1021 3982; x_wconf 77' lang='lat' dir='ltr'>se</span> <span class='ocrx_word' id='word_1_193' title='bbox 1032 3921 1198 3985; x_wconf 84' lang='lat' dir='ltr'>tueantur</span> <span class='ocrx_word' id='word_1_194' title='bbox 1208 3933 1412 4009; x_wconf 79' lang='lat' dir='ltr'>paucorum</span> 
     </span>
     <span class='ocr_line' id='line_1_30' title="bbox 369 4007 1411 4128; baseline 0.01 -34"><span class='ocrx_word' id='word_1_195' title='bbox 369 4021 568 4120; x_wconf 89' lang='lat' dir='ltr'>peritorum</span> <span class='ocrx_word' id='word_1_196' title='bbox 591 4007 633 4097; x_wconf 72' lang='lat' dir='ltr'>a&#39;c</span> <span class='ocrx_word' id='word_1_197' title='bbox 655 4021 890 4121; x_wconf 74' lang='lat' dir='ltr'>prudentium</span> <span class='ocrx_word' id='word_1_198' title='bbox 914 4019 1070 4128; x_wconf 79' lang='lat' dir='ltr'>virorum</span> <span class='ocrx_word' id='word_1_199' title='bbox 1090 4021 1242 4120; x_wconf 84' lang='lat' dir='ltr'>judicio,</span> <span class='ocrx_word' id='word_1_200' title='bbox 1264 4023 1411 4126; x_wconf 77' lang='lat' dir='ltr'>ejusque</span> 
     </span>
     <span class='ocr_line' id='line_1_31' title="bbox 366 4133 1410 4240; baseline 0.002 -29"><span class='ocrx_word' id='word_1_201' title='bbox 366 4135 493 4231; x_wconf 89' lang='lat' dir='ltr'>judicii</span> <span class='ocrx_word' id='word_1_202' title='bbox 515 4133 702 4212; x_wconf 84' lang='lat' dir='ltr'>minimam</span> <span class='ocrx_word' id='word_1_203' title='bbox 721 4149 861 4236; x_wconf 80' lang='lat' dir='ltr'>partem</span> <span class='ocrx_word' id='word_1_204' title='bbox 879 4134 1049 4235; x_wconf 78' lang='lat' dir='ltr'>praesente</span> <span class='ocrx_word' id='word_1_205' title='bbox 1073 4153 1193 4229; x_wconf 75' lang='lat' dir='ltr'>atate,</span> <span class='ocrx_word' id='word_1_206' title='bbox 1215 4138 1410 4240; x_wconf 81' lang='lat' dir='ltr'>plurimam</span> 
     </span>
     <span class='ocr_line' id='line_1_32' title="bbox 369 4249 1415 4356; baseline 0.005 -29"><span class='ocrx_word' id='word_1_207' title='bbox 369 4249 596 4350; x_wconf 84' lang='lat' dir='ltr'>sequentibus</span> <span class='ocrx_word' id='word_1_208' title='bbox 628 4250 768 4327; x_wconf 63' lang='lat' dir='ltr'>facetia</span> <span class='ocrx_word' id='word_1_209' title='bbox 792 4249 966 4328; x_wconf 86' lang='lat' dir='ltr'>contineri</span> <span class='ocrx_word' id='word_1_210' title='bbox 1001 4251 1168 4330; x_wconf 83' lang='lat' dir='ltr'>statuant.</span> <span class='ocrx_word' id='word_1_211' title='bbox 1222 4253 1415 4356; x_wconf 80' lang='lat' dir='ltr'>Cogitenr,&#39;</span> 
     </span>
     <span class='ocr_line' id='line_1_33' title="bbox 369 4365 1411 4450; baseline 0.012 -13"><span class='ocrx_word' id='word_1_212' title='bbox 369 4392 490 4441; x_wconf 82' lang='lat' dir='ltr'>veram</span> <span class='ocrx_word' id='word_1_213' title='bbox 510 4368 652 4442; x_wconf 86' lang='lat' dir='ltr'>laudern</span> <span class='ocrx_word' id='word_1_214' title='bbox 678 4390 751 4443; x_wconf 89' lang='lat' dir='ltr'>non</span> <span class='ocrx_word' id='word_1_215' title='bbox 773 4366 812 4441; x_wconf 92' lang='lat' dir='ltr'>in</span> <span class='ocrx_word' id='word_1_216' title='bbox 834 4365 930 4443; x_wconf 87' lang='lat' dir='ltr'>fama</span> <span class='ocrx_word' id='word_1_217' title='bbox 952 4382 990 4443; x_wconf 89' lang='lat' dir='ltr'>et</span> <span class='ocrx_word' id='word_1_218' title='bbox 1014 4368 1180 4446; x_wconf 81' lang='lat' dir='ltr'>sermonis</span> <span class='ocrx_word' id='word_1_219' title='bbox 1202 4370 1411 4450; x_wconf 85' lang='lat' dir='ltr'>celebritate</span> 
     </span>
    </p>
   </div>
   <div class='ocr_carea' id='block_1_4' title="bbox 369 4481 1411 4610">
    <p class='ocr_par' dir='ltr' id='par_1_5' title="bbox 369 4481 1411 4610">
     <span class='ocr_line' id='line_1_34' title="bbox 369 4481 1411 4610; baseline -0.004 -49"><span class='ocrx_word' id='word_1_220' title='bbox 369 4487 519 4602; x_wconf 79' lang='lat' dir='ltr'>ppsrtam</span> <span class='ocrx_word' id='word_1_221' title='bbox 541 4485 622 4575; x_wconf 76' lang='lat' dir='ltr'>effe,</span> <span class='ocrx_word' id='word_1_222' title='bbox 641 4483 759 4569; x_wconf 82' lang='lat' dir='ltr'>sedin</span> <span class='ocrx_word' id='word_1_223' title='bbox 780 4481 901 4565; x_wconf 71' lang='lat' dir='ltr'>tum</span> <span class='ocrx_word' id='word_1_224' title='bbox 927 4484 992 4589; x_wconf 85' lang='lat' dir='ltr'>qui</span> <span class='ocrx_word' id='word_1_225' title='bbox 1013 4511 1061 4574; x_wconf 71' lang='lat' dir='ltr'>ex</span> <span class='ocrx_word' id='word_1_226' title='bbox 1080 4485 1200 4580; x_wconf 66' lang='lat' dir='ltr'>nostra</span> <span class='ocrx_word' id='word_1_227' title='bbox 1220 4487 1340 4578; x_wconf 64' lang='lat' dir='ltr'>bbere</span> <span class='ocrx_word' id='word_1_228' title='bbox 1361 4487 1411 4610; x_wconf 54' lang='lat' dir='ltr'>aa</span> 
     </span>
    </p>
   </div>
   <div class='ocr_carea' id='block_1_5' title="bbox 0 0 1826 5492">
    <p class='ocr_par' dir='ltr' id='par_1_6' title="bbox 0 0 1826 5492">
     <span class='ocr_line' id='line_1_35' title="bbox 0 0 1826 5492; baseline 0 1"><span class='ocrx_word' id='word_1_229' title='bbox 0 0 1826 5492; x_wconf 95' lang='lat' dir='ltr'> </span> 
     </span>
    </p>
   </div>
  </div>
 </body>
</html>
