3642 5492
628 611 1094 691 PRAEFATIO.
1348 618 1381 696 ci

811 867 845 954 s·
875 880 909 955 7·
1041 821 1049 839 ’

703 1014 754 1080 De
768 1012 917 1097 Isylandri
928 1025 1022 1098 opera.

392 1132 558 1234 Sequitur
573 1150 616 1210 ut
636 1136 681 1210 de
706 1139 933 1210 Guarceno
953 1136 1186 1209 Xrnnnnno
1203 1133 1375 1225 dicamus,

352 1247 407 1348 qui
422 1249 458 1324 in
473 1249 656 1326 Plutarchi
672 1250 919 1350 interpretibus
944 1251 1039 1325 haud
1059 1249 1166 1323 dubie
1184 1249 1375 1327 censendus

353 1361 397 1438 est
411 1363 582 1464 princeps.
634 1366 757 1462 Hujus
780 1392 886 1464 opera
910 1365 1024 1440 tribus
1047 1363 1249 1439 continetur
1264 1362 1374 1459 parti·

353 1478 436 1567 bus3
462 1480 593 1554 latina
611 1480 916 1578 interpretatione,
942 1481 1013 1568 seu,
1032 1482 1221 1553 Versrone:
1249 1483 1373 1553 Anno·

355 1590 534 1671 tationibus
552 1597 598 1669 ad
614 1597 775 1670 locorum
791 1624 876 1670 cum
893 1610 1143 1692 corruptomm
1156 1593 1374 1668 emendatio·

355 1730 437 1794 nrm,
455 1725 534 1783 tum
553 1707 748 1784 difficilium
766 1709 1049 1809 explicationem,
1074 1708 1371 1783 accommodatis:

356 1821 467 1894 Gaea
493 1823 677 1898 toralium
700 1823 879 1901 Editione.
930 1825 1073 1898 Hamm
1095 1823 1250 1922 partium
1276 1847 1373 1924 quae·

354 1957 536 2034 qucquam
553 1935 628 2011 vim
646 1940 786 2027 habeat,
803 1939 966 2037 deinceps
982 1962 1212 2036 exponamus.
1441 1923 1459 1945 ⁵

396 2049 561 2125 Verfionis
577 2053 652 2126 duo
669 2052 749 2128 sunt
772 2052 910 2128 officia:
937 2053 1107 2151 primum,
1133 2054 1232 2140 fides,
1258 2052 1373 2143 idest,

355 2175 394 2238 ut
409 2181 575 2266 congruat
598 2168 814 2267 exemplari:
845 2171 1009 2256 alterum,
1034 2166 1200 2242 orationis
1222 2168 1373 2258 bonitas,

354 2275 420 2368 seu,
444 2279 627 2358 latinitas.
680 2284 845 2382 Utroque
862 2286 980 2359 officio
1005 2309 1089 2359 cum
1110 2283 1214 2358 laude
1231 2281 1374 2359 fundus

354 2392 399 2467 cll
414 2395 654 2471 chnrtnnn.
700 2403 755 2474 Ac
772 2399 879 2474 fidem
897 2398 1045 2497 quidem
1061 2394 1181 2471 attulit
1190 2423 1276 2483 ,eam
1293 2424 1373 2495 quae

353 2531 429 2582 cum
444 2507 583 2611 ingenio
599 2537 640 2586 ac
658 2512 817 2588 dodrina
833 2513 1023 2611 conjuncta
1038 2514 1122 2587 effet
1136 2547 1149 2603 3
1175 2528 1216 2588 ut
1236 2517 1373 2590 Austo-

353 2620 393 2696 ris
407 2622 611 2702 sententiam
627 2627 811 2728 diligenter
827 2643 862 2705 et
879 2643 1041 2704 accurate
1059 2629 1215 2704 redderet
1232 2628 1270 2703 in
1289 2628 1374 2705 locis

354 2733 483 2838 integris
497 2755 535 2815 et
553 2741 653 2831 sanis,
671 2743 899 2841 probabiliter
915 2744 951 2818 in
966 2744 1139 2844 cormptis
1155 2759 1190 2819 et
1207 2743 1373 2833 obscuris,

353 2849 474 2950 quippe
495 2855 625 2930 horum
653 2884 824 2958 magnum
845 2885 1033 2933 numerum
1056 2877 1091 2934 et
1114 2860 1315 2936 emendavit
1338 2874 1375 2935 et

354 2961 523 3045 illustravit
555 2976 734 3049 vertendo
796 2973 1068 3048 Emendationes
1101 2973 1279 3072 plerasque
1313 2974 1376 3048 suo

356 3079 419 3180 ipse
432 3085 563 3186 peperit
581 3085 721 3187 ingenio
737 3104 772 3162 et
789 3088 853 3162 usu
871 3088 1061 3163 Plutarchi.
1114 3089 1293 3188 Scriptum
1315 3115 1374 3165 co·

354 3193 461 3274 <licem
486 3227 561 3276 non
590 3202 752 3278 adhibuit
783 3204 843 3278 nisr
874 3203 1034 3292 unicum,
1069 3207 1114 3278 ab
1145 3208 1375 3282 Errscotuo

355 3329 543 3412 cerepum,
575 3318 751 3393 Moralium
780 3345 838 3393 eos
866 3321 1119 3395 tantummodo
1142 3320 1250 3396 libros
1275 3347 1375 3398 com·

356 3427 559 3524 pledentem
579 3433 643 3532 qui
661 3433 698 3508 in
713 3433 816 3508 editis
831 3435 999 3533 exemplis
1016 3434 1146 3523 minus,
1173 3463 1282 3536 quam
1298 3435 1376 3511 reli·

358 3541 429 3640 qui,
441 3545 611 3623 laborant.
648 3549 723 3649 Qi
740 3550 885 3648 quidem
901 3551 1016 3625 codex
1032 3549 1179 3626 subinde
1194 3553 1240 3627 ad
1257 3577 1376 3627 emen·

357 3655 504 3758 dandum
524 3659 674 3759 profuit,
701 3679 736 3738 et
765 3662 884 3738 multis
911 3665 1071 3761 partibus
1099 3666 1271 3744 consentit
1292 3691 1377 3741 cum

357 3773 468 3850 codice
491 3776 666 3874 Parisrensr
696 3781 745 3867 D,
772 3795 807 3853 et
833 3804 879 3853 ex
905 3780 1088 3855 communi
1115 3780 1215 3855 fonte
1240 3778 1378 3856 fluxiffe

358 3885 495 3974 videtur
549 3894 644 3969 Illud
670 3894 757 3993 saepe
792 3894 912 3983 miror,
946 3898 1061 3970 nullos
1093 3922 1115 3970 a
1142 3897 1378 3974 Xrnnunuo

356 4001 523 4081 adhibitos
540 4009 607 4082 effe
622 4008 759 4086 codices
777 4008 921 4109 scriptos
939 4036 983 4086 ex
998 4010 1212 4087 bibliotheca
1229 4011 1378 4088 Heidel-

355 4117 515 4220 bugenfis
550 4124 751 4200 Academiae
786 4125 823 4199 in
861 4152 933 4225 qua
965 4125 1205 4226 professoriam
1236 4129 1377 4227 gerebat

354 4257 504 4327 munus3
530 4237 592 4313 nisr
608 4238 698 4314 forte
713 4239 851 4315 codices
871 4240 1086 4329 Plutarchei,
1111 4269 1201 4341 quos
1218 4245 1380 4340 complu·

353 4373 405 4426 res
420 4369 454 4430 et
471 4356 584 4431 bonos
600 4357 724 4432 habuit
742 4356 800 4431 illa
816 4357 1042 4447 bibliotheca,
1058 4360 1138 4457 post
1153 4360 1378 4435 ernunnr

352 4467 543 4550 obitumin
559 4498 637 4551 eam
654 4473 740 4551 illati
756 4475 849 4550 sunt.
895 4477 977 4572 Jam
993 4473 1158 4553 orationis
1176 4475 1226 4551 est
1241 4471 1382 4552 bonitas

829 4615 899 4691 83
