3642 5492
378 616 481 727 ex‘
660 635 1120 726 rnAErarro

377 828 634 908 Annotationes
651 830 838 921 addiderit,
859 832 895 907 in
911 833 965 908 his
982 831 1062 932 ipsis
1077 832 1184 908 fatias
1200 833 1272 910 ase
1288 845 1408 911 muta·

377 947 490 1021 tiones
502 946 681 1046 plerasque
697 948 830 1022 stlentio
846 948 1026 1046 praeteriit,
1043 973 1108 1024 nec
1124 947 1242 1025 nilide
1258 948 1299 1024 iis
1312 950 1407 1027 dixit

377 1089 479 1160 quas,
500 1079 623 1159 praeter
638 1062 724 1150 illas,
749 1061 865 1139 adhuc
881 1062 1054 1139 faciendas
1072 1062 1257 1160 judicaret.
1307 1068 1409 1140 Nam

377 1181 422 1251 de
448 1178 487 1252 iis
514 1205 594 1276 quae
623 1177 723 1252 fastae
752 1178 831 1252 sunt
858 1178 895 1252 in
924 1177 1065 1279 reliquis
1090 1178 1257 1254 omnibus
1282 1179 1409 1254 libellis

377 1296 562 1367 Moralibus
577 1293 707 1391 quibus
722 1294 832 1366 nullas
848 1286 985 1368 addidit
1006 1292 1276 1380 Annotationes,
1302 1294 1348 1368 de
1363 1291 1409 1384 iis

376 1408 485 1507 igitur
500 1407 756 1484 mutationibus
772 1433 855 1482 eum
878 1407 1052 1508 sigillatim
1067 1407 1118 1482 nil
1135 1406 1318 1496 monuiffe,
1343 1429 1409 1506 per

376 1525 409 1596 se
427 1522 643 1621 intelligitur.
1346 1599 1351 1606 ,

425 1639 602 1737 Equidem
618 1637 725 1728 viam,
750 1660 830 1739 quae
850 1631 928 1715 'una
952 1637 1041 1716 mihi
1056 1637 1318 1740 relinquebatur
1335 1640 1406 1714 hu-

371 1754 430 1850 jus
448 1754 651 1854 indagandae
670 1755 817 1844 notitia,
842 1755 1023 1856 ingreffus,
1045 1754 1252 1831 trattatione
1267 1753 1408 1831 Editio·

375 1870 430 1945 nis
447 1870 702 1969 Stephanianae,
727 1871 952 1971 ejusdemque
976 1899 1060 1948 cum
1080 1872 1212 1948 caeteris
1227 1871 1408 1948 Editioni·

375 1988 456 2077 bus,
473 1988 646 2064 variarum
663 1987 855 2064 letlionum
873 1990 1161 2079 Colledlionibus,
1185 2003 1222 2066 et
1237 1989 1407 2072 codicum
1422 2045 1425 2050 -

375 2104 584 2204 seriptorum
601 2104 786 2202 excerptis,
811 2105 1083 2204 comparatione,
1109 2104 1187 2182 satis
1206 2103 1297 2179 milri
1312 2119 1409 2182 certa·

374 2220 508 2296 ratione
524 2218 726 2318 comperiffe
742 2219 863 2295 videor
886 2222 981 2296 unde
1004 2236 1041 2296 et
1062 2219 1193 2320 quibus
1209 2248 1229 2295 e
1246 2217 1408 2296 fontibus

375 2338 568 2413 manaverit
602 2341 677 2412 haec
715 2336 949 2435 Stephaniana
979 2335 1154 2436 scripturae
1187 2317 1407 2446 Plutarchlae

376 2451 594 2526 constitutio.

424 2571 480 2641 Ac
505 2565 620 2665 primo
643 2566 789 2664 quidem
810 2566 898 2644 illud
921 2569 1019 2644 omni
1040 2567 1152 2645 dubio
1171 2582 1279 2655 caret,
1307 2569 1406 2643 saa·

378 2702 552 2756 aunuum
570 2681 729 2757 secutum
745 2686 812 2759 else
828 2710 869 2761 ac
886 2685 1068 2760 reddidiffe
1085 2683 1253 2759 Aldinarn
1265 2669 1407 2758 Editio·

374 2821 469 2883 nem,
491 2795 632 2896 ejusque
647 2801 851 2898 exemplum
868 2800 1004 2876 mendis
1022 2801 1140 2899 quoad
1157 2799 1230 2894 ejus
1246 2797 1323 2872 fieri
1339 2822 1404 2895 po⁴

374 2924 463 2984 terat
480 2927 672 3012 purgatum
689 2915 945 3014 chalcographo
962 2915 1201 2989 recudendum
1215 2912 1403 2988 tradidiffe.

374 3029 485 3116 Nam,
503 3045 545 3104 ut
559 3028 737 3116 omittam,
755 3032 854 3130 quod
869 3032 924 3106 vel
941 3030 1051 3127 perse
1068 3029 1181 3103 solum
1195 3025 1404 3127 intelligenti

373 3142 503 3240 cuique
533 3145 630 3218 haud
663 3145 776 3219 levem
810 3158 951 3219 moveat
979 3143 1218 3240 suspicionem,
1253 3141 1407 3218 Aldinas

372 3257 514 3354 paginas
530 3257 677 3332 editioni
694 3258 937 3358 Stephanianae
962 3261 1006 3333 ad
1025 3257 1218 3357 marginem
1234 3258 1407 3355 appositas

371 3375 461 3445 ess'e:
486 3372 739 3471 typographica
755 3376 925 3448 nonnulla
939 3374 1080 3461 menda,
1097 3399 1178 3472 quae
1193 3376 1405 3448 Srnrunrrr

370 3487 589 3586 diligentiam
605 3487 642 3562 in
656 3488 864 3588 corrigendo
877 3488 1010 3564 Aldino
1020 3490 1183 3584 exemplo
1200 3488 1407 3587 ellirgenrnt,

372 3603 408 3678 in
426 3604 660 3703 Stephaniana
677 3605 832 3679 editione
849 3604 967 3680 relitla
982 3604 1197 3703 repetitaque
1214 3604 1318 3678 sunt:
1345 3630 1408 3679 ve·

370 3720 438 3795 luti
455 3747 492 3818 p.
507 3747 591 3817 244,
606 3726 654 3810 Α,
672 3725 895 3819 συγκαΊῶνησαν
911 3745 977 3818 pro
995 3723 1243 3817 rupxaloixarar:
1267 3743 1305 3816 p.
1320 3721 1407 3818 585,

371 3838 416 3923 F,
441 3840 460 3914 ri
476 3840 570 3918 Λύσις
587 3862 651 3935 pro
669 3844 682 3912 i
700 3841 818 3916 Ariete:
846 3860 883 3933 p.
901 3839 986 3933 689,
1012 3837 1057 3922 E,
1081 3843 1133 3931 μὶν
1150 3839 1249 3909 αἰτίαν
1270 3859 1336 3932 pro
1351 3837 1406 3911 erl·

370 3952 482 4025 αἰτίαν.
535 3955 690 4027 Haecex
707 3948 830 4024 multis
847 3950 913 4023 tria
928 3949 1129 4036 sufficiunt;
1154 3948 1286 4048 quippe
1309 3973 1407 4048 quae,

370 4091 486 4164 quum
508 4065 544 4140 in
567 4068 741 4140 Basrleensr
759 4066 913 4139 correeta
928 4068 1007 4152 sint,
1033 4061 1215 4138 manifesto
1231 4065 1405 4162 produnt,

369 4206 444 4254 non
461 4182 550 4254 hanc
568 4179 626 4253 sed
642 4180 811 4255 Aldinum
836 4207 857 4254 a
882 4183 1100 4254 Str-:runnu
1119 4177 1305 4277 repetitam
1321 4179 1404 4256 effe.

370 4296 557 4370 Accedunt
574 4293 641 4367 alia
656 4297 763 4369 etiam
784 4313 1000 4393 argumenta.
1052 4296 1291 4370 Srnrrrnuus
1318 4294 1402 4391 plu·

369 4411 484 4497 rimas,
502 4436 589 4508 quas
605 4409 642 4483 in
659 4414 837 4484 Moralium
854 4427 1063 4484 contextum
1078 4409 1212 4497 intulit,
1228 4407 1402 4483 mutatio·

370 4548 431 4598 nes
452 4526 570 4601 sumfit
597 4551 642 4601 ex
667 4523 901 4621 Jannotianis,
925 4524 1173 4615 Turnebianis,
1198 4551 1239 4602 ac
1262 4522 1408 4606 sthotti

267 4917 446 5093 Λ
