3642 5492
673 587 1138 679 PRAEFATIO.
1374 631 1423 688 cr

373 781 629 860 emendationem
645 811 694 859 nne
709 785 985 888 eirerpeblicaeque
1000 787 1113 862 debere
1127 791 1311 883 exstintus.
1343 794 1422 867 An·

370 899 586 974 notationes
599 899 684 974 huic
697 899 844 975 editioni
860 904 964 1008 nullae
981 902 1060 976 sunt
1074 902 1204 977 additae
1216 937 1228 991 3
1254 906 1353 1003 quod
1370 905 1421 981 sa·

372 1011 436 1088 tis
460 1015 525 1088 effe
552 1015 696 1089 duceret
728 1009 963 1090 Xrtnu'firn
991 1043 1047 1090 eas
1073 1018 1229 1092 Versroni
1250 1019 1420 1116 adjecisse.

370 1129 527 1202 Galbam
544 1146 580 1202 et
598 1131 764 1217 Othonem,
790 1155 879 1228 quos
903 1130 1030 1228 priores
1049 1130 1220 1207 editiones
1235 1137 1421 1210 Montibus

366 1243 572 1342 adjunctos
595 1247 802 1334 habuerant,
828 1245 971 1335 omifit3
997 1264 1039 1320 ut
1059 1246 1135 1343 jam
1157 1247 1193 1320 in
1215 1248 1344 1324 [atina
1359 1253 1420 1325 In·

371 1363 633 1462 terpretatione
658 1389 702 1439 ex
727 1367 913 1439 Moralibns
934 1366 978 1438 ad
1003 1370 1095 1439 Vitas
1109 1391 1168 1439 eos
1185 1367 1418 1445 transtulerat.

374 1480 512 1554 Graeca
546 1478 724 1554 Plutarchi
758 1477 924 1578 scriptura
954 1477 1171 1554 emendatior
1202 1480 1337 1556 reddita
1369 1481 1419 1556 est

373 1593 532 1691 receptis
549 1594 750 1669 melioribus
768 1596 977 1670 lectionibus
992 1595 1129 1682 multis,
1155 1621 1239 1669 cum
1261 1624 1281 1668 e
1297 1597 1419 1672 codice
1507 1615 1510 1620 ·

378 1707 632 1808 Episcopiano,
656 1725 738 1783 turn
763 1710 944 1808 inprimis
969 1710 1241 1785 comestionibus
1256 1713 1418 1808 complu·

382 1819 482 1898 ribus
500 1851 581 1924 quae
599 1824 676 1920 jam
693 1824 730 1899 in
748 1827 909 1900 Versrone
928 1827 1091 1924 expreffae
1107 1844 1204 1899 erant
1222 1854 1230 1898 :
1257 1827 1418 1922 pauciffi·

385 1935 469 2030 nnis,
494 1941 603 2041 iisque
631 1942 780 2031 levibus,
809 1940 846 2016 in
874 1941 1131 2017 mutationibus
1158 1965 1242 2016 cum
1270 1943 1418 2040 Stepha-

392 2053 491 2130 niana
506 2055 659 2131 editione
676 2055 871 2132 consentit:
900 2083 986 2155 quas
1004 2074 1127 2131 utrum
1144 2058 1197 2128 ab
1214 2056 1273 2130 illa
1288 2058 1419 2130 assum·

397 2167 481 2258 serit,
501 2197 546 2245 an
570 2195 616 2245 ex
638 2170 700 2245 suo
723 2169 794 2269 ipse
817 2188 988 2270 apparatu
1004 2169 1230 2269 expromserit
1247 2173 1418 2246 annu·

405 2308 487 2374 nen,
524 2285 672 2361 statuere
705 2313 778 2363 non
811 2289 949 2362 ausim:
993 2286 1225 2384 plurimarum
1258 2301 1350 2360 certe
1382 2301 1418 2362 et

409 2399 621 2476 nuinamm
659 2427 740 2501 quae
774 2401 811 2476 in
845 2402 1026 2500 explendis
1060 2400 1193 2476 lacunis
1227 2402 1417 2490 versantur,

408 2515 583 2612 cujusmodi
611 2522 795 2618 permultae
822 2519 902 2595 sunt
930 2519 1173 2618 Stephanianae
1202 2519 1418 2594 mutationes

410 2628 646 2738 iuSynnpofiacis
661 2639 895 2737 Qnaestionibus,
922 2636 1095 2712 rationem
1119 2638 1251 2712 nullam
1277 2634 1414 2711 habuit.

411 2743 567 2848 Equidem
599 2753 871 2851 Stephanianam
909 2752 1101 2826 editionem
1141 2753 1416 2828 emendatiorem

412 2861 502 2942 dicam
513 2901 534 2956 3·
552 2869 789 2967 Xylandream
807 2867 1050 2956 finceriorcm3
1076 2868 1246 2965 siquidem
1263 2884 1299 2944 et
1314 2896 1417 2944 ‹men-

412 2979 530 3056 luinnn's·
555 2984 700 3058 nomine
727 2985 897 3082 appellare
923 2983 1024 3058 liceat
1056 3008 1178 3057 omnes
1205 2983 1419 3059 mutationes

411 3093 517 3190 quibus
531 3097 705 3174 sententia
722 3115 757 3173 et
776 3097 887 3173 oratio
901 3098 1025 3173 melior
1037 3096 1222 3198 aptiorque
1235 3100 1289 3185 fit,
1308 3126 1418 3196 quam

410 3209 489 3287 intra
502 3213 585 3303 finit,
610 3241 684 3289 non
709 3241 763 3290 eas
781 3215 866 3290 solas
884 3216 1015 3314 quibus
1036 3215 1106 3314 ipsa
1122 3240 1245 3290 manus
1262 3231 1297 3289 et
1313 3214 1419 3312 scrip·¹

411 3335 469 3401 lura
482 3331 648 3405 Austoris
666 3329 791 3405 idonea
811 3330 1059 3428 probabilitate
1077 3346 1112 3404 et
1129 3329 1336 3405 austoritate
1351 3329 1417 3403 res·

411 3437 551 3520 finitur:
578 3462 615 3522 et
629 3449 785 3542 fintenum
802 3447 960 3523 dicamus
977 3464 1050 3522 non
1067 3448 1178 3523 solum
1195 3448 1232 3523 id
1250 3449 1348 3547 quod
1370 3450 1420 3522 ita

412 3551 460 3630 suis
479 3559 636 3658 partibus
661 3562 796 3637 constat
820 3578 860 3637 ut
884 3566 930 3637 ab
953 3567 1110 3640 Austore
1132 3564 1330 3663 profectum
1355 3563 1418 3650 est,

412 3663 546 3750 sedillud
561 3676 671 3752 etiam
692 3676 729 3751 in
753 3705 839 3776 qu0,
865 3704 1084 3778 quamquam
1103 3697 1283 3778 corrupto,
1309 3678 1357 3753 nil
1373 3680 1419 3753 ab

410 3787 520 3868 editore
544 3809 729 3869 mutatum
753 3794 815 3884 est,
841 3822 956 3894 quum
982 3794 1357 3896 idoneaprobabilitas
1381 3808 1419 3868 et

409 3905 573 3982 tudoritas
589 3908 797 3986 mutationis
819 3913 916 3986 nulla
939 3913 1097 3986 exstaret.
1150 3914 1273 3986 Habet
1299 3928 1420 3987 tamen

409 4007 586 4116 Xylandrea
614 4026 711 4100 haud
739 4051 870 4124 paucos
898 4028 995 4102 locos
1021 4027 1236 4117 emendatos,
1263 4051 1420 4126 quorum

409 4149 489 4236 vetus
505 4142 676 4216 mendum
692 4142 837 4217 retinuit
855 4144 1096 4242 Stephaniana.

445 4251 581 4329 biennio
610 4255 690 4353 post
714 4258 895 4357 vulgatam
929 4260 1018 4333 hanc
1051 4259 1267 4348 Editionem,
1299 4259 1336 4336 id
1369 4257 1421 4333 est

403 4385 482 4441 auno
504 4373 608 4471 1576,
626 4369 740 4445 aetaris
757 4372 884 4469 quinto
902 4388 938 4446 et
956 4376 1231 4473 quadragesimo,
1258 4391 1420 4449 mortuus

401 4475 575 4557 othonus
602 4485 836 4560 Xrunuunn
851 4520 863 4574 3
901 4505 942 4562 ut
970 4487 1068 4563 facile
1090 4492 1128 4562 srt
1152 4490 1197 4564 ad
1219 4488 1420 4565 existiman·
