<?xml version="1.0" encoding="UTF-8"?>
<!DOCTYPE html PUBLIC "-//W3C//DTD XHTML 1.0 Transitional//EN"
    "http://www.w3.org/TR/xhtml1/DTD/xhtml1-transitional.dtd">
<html xmlns="http://www.w3.org/1999/xhtml" xml:lang="en" lang="en">
 <head>
  <title>
</title>
<meta http-equiv="Content-Type" content="text/html;charset=utf-8" />
  <meta name='ocr-system' content='tesseract 3.04.00' />
  <meta name='ocr-capabilities' content='ocr_page ocr_carea ocr_par ocr_line ocrx_word'/>
</head>
<body>
  <div class='ocr_page' id='page_1' title='image "./plutarchichaero10plutgoog_0116.png"; bbox 0 0 3642 5492; ppageno 0'>
   <div class='ocr_carea' id='block_1_1' title="bbox 486 476 1231 557">
    <p class='ocr_par' dir='ltr' id='par_1_1' title="bbox 486 476 1231 557">
     <span class='ocr_line' id='line_1_1' title="bbox 486 476 1231 557; baseline 0.004 -3"><span class='ocrx_word' id='word_1_1' title='bbox 486 476 556 554; x_wconf 80' lang='lat' dir='ltr'>cxii</span> <span class='ocrx_word' id='word_1_2' title='bbox 770 477 1231 557; x_wconf 83' lang='lat' dir='ltr'>PRAEFATIO.</span> 
     </span>
    </p>
   </div>
   <div class='ocr_carea' id='block_1_2' title="bbox 440 661 1519 2950">
    <p class='ocr_par' dir='ltr' id='par_1_2' title="bbox 440 661 1519 2950">
     <span class='ocr_line' id='line_1_2' title="bbox 484 661 1512 762; baseline 0.005 -27"><span class='ocrx_word' id='word_1_3' title='bbox 484 661 541 735; x_wconf 87' lang='lat' dir='ltr'>seo</span> <span class='ocrx_word' id='word_1_4' title='bbox 566 661 739 736; x_wconf 88' lang='lat' dir='ltr'>Aldinum</span> <span class='ocrx_word' id='word_1_5' title='bbox 763 665 968 760; x_wconf 86' lang='lat' dir='ltr'>exemplum</span> <span class='ocrx_word' id='word_1_6' title='bbox 993 665 1265 740; x_wconf 69' lang='lat' dir='ltr'>comestionibus</span> <span class='ocrx_word' id='word_1_7' title='bbox 1294 663 1512 762; x_wconf 74' lang='lat' dir='ltr'>Jannotianis</span> 
     </span>
     <span class='ocr_line' id='line_1_3' title="bbox 484 775 1513 876; baseline 0.002 -24"><span class='ocrx_word' id='word_1_8' title='bbox 484 775 716 852; x_wconf 69' lang='lat' dir='ltr'>instmstum:</span> <span class='ocrx_word' id='word_1_9' title='bbox 745 775 894 874; x_wconf 88' lang='lat' dir='ltr'>reliquos</span> <span class='ocrx_word' id='word_1_10' title='bbox 920 776 1046 864; x_wconf 89' lang='lat' dir='ltr'>fontes,</span> <span class='ocrx_word' id='word_1_11' title='bbox 1075 779 1225 876; x_wconf 86' lang='lat' dir='ltr'>reliquos</span> <span class='ocrx_word' id='word_1_12' title='bbox 1247 781 1384 876; x_wconf 85' lang='lat' dir='ltr'>appello</span> <span class='ocrx_word' id='word_1_13' title='bbox 1408 779 1513 854; x_wconf 87' lang='lat' dir='ltr'>libros</span> 
     </span>
     <span class='ocr_line' id='line_1_4' title="bbox 484 893 1515 996; baseline 0.006 -31"><span class='ocrx_word' id='word_1_14' title='bbox 484 893 579 966; x_wconf 90' lang='lat' dir='ltr'>unde</span> <span class='ocrx_word' id='word_1_15' title='bbox 613 895 809 992; x_wconf 89' lang='lat' dir='ltr'>Stephanus</span> <span class='ocrx_word' id='word_1_16' title='bbox 841 896 1071 970; x_wconf 71' lang='lat' dir='ltr'>comestiones</span> <span class='ocrx_word' id='word_1_17' title='bbox 1103 895 1221 972; x_wconf 83' lang='lat' dir='ltr'>sumsit</span> <span class='ocrx_word' id='word_1_18' title='bbox 1250 895 1337 971; x_wconf 84' lang='lat' dir='ltr'>suas.</span> <span class='ocrx_word' id='word_1_19' title='bbox 1401 894 1515 996; x_wconf 86' lang='lat' dir='ltr'>Igitur</span> 
     </span>
     <span class='ocr_line' id='line_1_5' title="bbox 486 1005 1515 1104; baseline 0.004 -24"><span class='ocrx_word' id='word_1_20' title='bbox 486 1005 636 1082; x_wconf 87' lang='lat' dir='ltr'>secundo</span> <span class='ocrx_word' id='word_1_21' title='bbox 660 1009 739 1082; x_wconf 85' lang='lat' dir='ltr'>loco</span> <span class='ocrx_word' id='word_1_22' title='bbox 765 1009 928 1104; x_wconf 84' lang='lat' dir='ltr'>ponenda</span> <span class='ocrx_word' id='word_1_23' title='bbox 953 1009 1092 1084; x_wconf 88' lang='lat' dir='ltr'>videtur</span> <span class='ocrx_word' id='word_1_24' title='bbox 1114 1011 1290 1086; x_wconf 80' lang='lat' dir='ltr'>Scirorrr</span> <span class='ocrx_word' id='word_1_25' title='bbox 1314 1009 1515 1097; x_wconf 71' lang='lat' dir='ltr'>coneuio;</span> 
     </span>
     <span class='ocr_line' id='line_1_6' title="bbox 485 1121 1516 1220; baseline 0.002 -25"><span class='ocrx_word' id='word_1_26' title='bbox 485 1121 617 1220; x_wconf 89' lang='lat' dir='ltr'>quippe</span> <span class='ocrx_word' id='word_1_27' title='bbox 641 1123 739 1218; x_wconf 89' lang='lat' dir='ltr'>cujus</span> <span class='ocrx_word' id='word_1_28' title='bbox 762 1126 953 1220; x_wconf 81' lang='lat' dir='ltr'>permultas</span> <span class='ocrx_word' id='word_1_29' title='bbox 978 1125 1142 1216; x_wconf 69' lang='lat' dir='ltr'>lessiones</span> <span class='ocrx_word' id='word_1_30' title='bbox 1167 1123 1204 1198; x_wconf 94' lang='lat' dir='ltr'>in</span> <span class='ocrx_word' id='word_1_31' title='bbox 1230 1139 1310 1199; x_wconf 90' lang='lat' dir='ltr'>toto</span> <span class='ocrx_word' id='word_1_32' title='bbox 1333 1127 1516 1200; x_wconf 74' lang='lat' dir='ltr'><em>Moralium</em></span> 
     </span>
     <span class='ocr_line' id='line_1_7' title="bbox 484 1237 1516 1340; baseline 0.001 -28"><span class='ocrx_word' id='word_1_33' title='bbox 484 1241 601 1336; x_wconf 83' lang='lat' dir='ltr'>Opere</span> <span class='ocrx_word' id='word_1_34' title='bbox 627 1266 648 1314; x_wconf 84' lang='lat' dir='ltr'>a</span> <span class='ocrx_word' id='word_1_35' title='bbox 676 1243 893 1316; x_wconf 79' lang='lat' dir='ltr'>Sreounuo</span> <span class='ocrx_word' id='word_1_36' title='bbox 921 1261 1073 1340; x_wconf 79' lang='lat' dir='ltr'>receptas</span> <span class='ocrx_word' id='word_1_37' title='bbox 1094 1239 1321 1340; x_wconf 82' lang='lat' dir='ltr'>deprehendi.</span> <span class='ocrx_word' id='word_1_38' title='bbox 1371 1237 1516 1326; x_wconf 86' lang='lat' dir='ltr'>Tertio,</span> 
     </span>
     <span class='ocr_line' id='line_1_8' title="bbox 485 1356 1516 1457; baseline 0 -27"><span class='ocrx_word' id='word_1_39' title='bbox 485 1356 701 1453; x_wconf 87' lang='lat' dir='ltr'>Exemplum</span> <span class='ocrx_word' id='word_1_40' title='bbox 728 1357 1012 1445; x_wconf 81' lang='lat' dir='ltr'>Turnebianum,</span> <span class='ocrx_word' id='word_1_41' title='bbox 1042 1358 1228 1457; x_wconf 86' lang='lat' dir='ltr'>praesertim</span> <span class='ocrx_word' id='word_1_42' title='bbox 1252 1357 1289 1430; x_wconf 90' lang='lat' dir='ltr'>in</span> <span class='ocrx_word' id='word_1_43' title='bbox 1315 1357 1516 1454; x_wconf 81' lang='lat' dir='ltr'>Sympofioct‘s</span> 
     </span>
     <span class='ocr_line' id='line_1_9' title="bbox 488 1468 1515 1568; baseline 0.002 -28"><span class='ocrx_word' id='word_1_44' title='bbox 488 1469 737 1562; x_wconf 79' lang='lat' dir='ltr'>Quaestionibus3</span> <span class='ocrx_word' id='word_1_45' title='bbox 774 1469 904 1568; x_wconf 88' lang='lat' dir='ltr'>quibus</span> <span class='ocrx_word' id='word_1_46' title='bbox 936 1498 1010 1548; x_wconf 93' lang='lat' dir='ltr'>non</span> <span class='ocrx_word' id='word_1_47' title='bbox 1042 1472 1128 1546; x_wconf 81' lang='lat' dir='ltr'>alius</span> <span class='ocrx_word' id='word_1_48' title='bbox 1165 1473 1395 1546; x_wconf 87' lang='lat' dir='ltr'>Plutarcheus</span> <span class='ocrx_word' id='word_1_49' title='bbox 1425 1468 1515 1544; x_wconf 89' lang='lat' dir='ltr'>liber</span> 
     </span>
     <span class='ocr_line' id='line_1_10' title="bbox 484 1583 1519 1687; baseline -0.001 -26"><span class='ocrx_word' id='word_1_50' title='bbox 484 1585 593 1687; x_wconf 77' lang='lat' dir='ltr'>magis</span> <span class='ocrx_word' id='word_1_51' title='bbox 616 1602 776 1662; x_wconf 86' lang='lat' dir='ltr'>mutatus</span> <span class='ocrx_word' id='word_1_52' title='bbox 798 1588 848 1664; x_wconf 88' lang='lat' dir='ltr'>est</span> <span class='ocrx_word' id='word_1_53' title='bbox 869 1615 890 1662; x_wconf 85' lang='lat' dir='ltr'>a</span> <span class='ocrx_word' id='word_1_54' title='bbox 914 1593 1145 1676; x_wconf 78' lang='lat' dir='ltr'>Srneiinuo,</span> <span class='ocrx_word' id='word_1_55' title='bbox 1169 1585 1330 1686; x_wconf 85' lang='lat' dir='ltr'>susceptis</span> <span class='ocrx_word' id='word_1_56' title='bbox 1353 1583 1519 1684; x_wconf 80' lang='lat' dir='ltr'>plurimis</span> 
     </span>
     <span class='ocr_line' id='line_1_11' title="bbox 484 1700 1519 1803; baseline 0.002 -29"><span class='ocrx_word' id='word_1_57' title='bbox 484 1717 517 1774; x_wconf 89' lang='lat' dir='ltr'>et</span> <span class='ocrx_word' id='word_1_58' title='bbox 544 1701 754 1777; x_wconf 66' lang='lat' dir='ltr'>sessionibus</span> <span class='ocrx_word' id='word_1_59' title='bbox 780 1719 814 1777; x_wconf 91' lang='lat' dir='ltr'>et</span> <span class='ocrx_word' id='word_1_60' title='bbox 842 1706 1046 1779; x_wconf 85' lang='lat' dir='ltr'>lacunarum</span> <span class='ocrx_word' id='word_1_61' title='bbox 1076 1703 1337 1803; x_wconf 85' lang='lat' dir='ltr'>supplementis,</span> <span class='ocrx_word' id='word_1_62' title='bbox 1366 1727 1450 1800; x_wconf 82' lang='lat' dir='ltr'>quae¹</span> <span class='ocrx_word' id='word_1_63' title='bbox 1479 1700 1519 1776; x_wconf 87' lang='lat' dir='ltr'>in</span> 
     </span>
     <span class='ocr_line' id='line_1_12' title="bbox 484 1817 1515 1914; baseline -0.001 -25"><span class='ocrx_word' id='word_1_64' title='bbox 484 1843 557 1890; x_wconf 91' lang='lat' dir='ltr'>uno</span> <span class='ocrx_word' id='word_1_65' title='bbox 583 1833 706 1891; x_wconf 80' lang='lat' dir='ltr'>notata</span> <span class='ocrx_word' id='word_1_66' title='bbox 734 1817 964 1892; x_wconf 86' lang='lat' dir='ltr'>Turnebiano</span> <span class='ocrx_word' id='word_1_67' title='bbox 986 1820 1172 1914; x_wconf 84' lang='lat' dir='ltr'>Exemplo,</span> <span class='ocrx_word' id='word_1_68' title='bbox 1199 1833 1235 1892; x_wconf 90' lang='lat' dir='ltr'>et</span> <span class='ocrx_word' id='word_1_69' title='bbox 1260 1819 1307 1890; x_wconf 80' lang='lat' dir='ltr'>ab</span> <span class='ocrx_word' id='word_1_70' title='bbox 1332 1821 1515 1892; x_wconf 77' lang='lat' dir='ltr'>Autoro</span> 
     </span>
     <span class='ocr_line' id='line_1_13' title="bbox 482 1927 1514 2032; baseline -0.001 -27"><span class='ocrx_word' id='word_1_71' title='bbox 482 1933 574 2006; x_wconf 84' lang='lat' dir='ltr'>versa</span> <span class='ocrx_word' id='word_1_72' title='bbox 591 1932 895 2031; x_wconf 86' lang='lat' dir='ltr'>deprehendimus.</span> <span class='ocrx_word' id='word_1_73' title='bbox 946 1936 1085 2032; x_wconf 79' lang='lat' dir='ltr'>Qiarto</span> <span class='ocrx_word' id='word_1_74' title='bbox 1101 1934 1179 2006; x_wconf 89' lang='lat' dir='ltr'>loco</span> <span class='ocrx_word' id='word_1_75' title='bbox 1195 1930 1363 2006; x_wconf 80' lang='lat' dir='ltr'>censenda</span> <span class='ocrx_word' id='word_1_76' title='bbox 1385 1927 1437 2004; x_wconf 86' lang='lat' dir='ltr'>est</span> <span class='ocrx_word' id='word_1_77' title='bbox 1454 1931 1514 2006; x_wconf 90' lang='lat' dir='ltr'>ln·</span> 
     </span>
     <span class='ocr_line' id='line_1_14' title="bbox 440 2043 1512 2146; baseline 0.001 -23"><span class='ocrx_word' id='word_1_78' title='bbox 440 2095 444 2108; x_wconf 89' lang='lat'><em>·</em></span> <span class='ocrx_word' id='word_1_79' title='bbox 482 2048 684 2146; x_wconf 83' lang='lat' dir='ltr'>terpretatio</span> <span class='ocrx_word' id='word_1_80' title='bbox 718 2048 852 2122; x_wconf 84' lang='lat' dir='ltr'>Gallica</span> <span class='ocrx_word' id='word_1_81' title='bbox 889 2053 1072 2124; x_wconf 81' lang='lat' dir='ltr'>Antrort.</span> <span class='ocrx_word' id='word_1_82' title='bbox 1137 2046 1259 2142; x_wconf 87' lang='lat' dir='ltr'>Hujus</span> <span class='ocrx_word' id='word_1_83' title='bbox 1293 2043 1512 2124; x_wconf 78' lang='lat' dir='ltr'>mentionem</span> 
     </span>
     <span class='ocr_line' id='line_1_15' title="bbox 482 2159 1513 2258; baseline -0.002 -20"><span class='ocrx_word' id='word_1_84' title='bbox 482 2162 564 2238; x_wconf 84' lang='lat' dir='ltr'>facit</span> <span class='ocrx_word' id='word_1_85' title='bbox 582 2160 618 2237; x_wconf 91' lang='lat' dir='ltr'>in</span> <span class='ocrx_word' id='word_1_86' title='bbox 637 2162 942 2238; x_wconf 88' lang='lat' dir='ltr'>Annotationibus</span> <span class='ocrx_word' id='word_1_87' title='bbox 966 2163 1012 2236; x_wconf 88' lang='lat' dir='ltr'>ad</span> <span class='ocrx_word' id='word_1_88' title='bbox 1037 2166 1139 2248; x_wconf 84' lang='lat' dir='ltr'>Vitas,</span> <span class='ocrx_word' id='word_1_89' title='bbox 1165 2187 1202 2258; x_wconf 91' lang='lat' dir='ltr'>p.</span> <span class='ocrx_word' id='word_1_90' title='bbox 1220 2165 1291 2258; x_wconf 82' lang='lat'>463</span> <span class='ocrx_word' id='word_1_91' title='bbox 1306 2159 1513 2252; x_wconf 62' lang='lat' dir='ltr'>:ssaeterttttu</span> 
     </span>
     <span class='ocr_line' id='line_1_16' title="bbox 480 2275 1510 2377; baseline 0 -29"><span class='ocrx_word' id='word_1_92' title='bbox 480 2276 611 2374; x_wconf 89' lang='lat' dir='ltr'>inquit,</span> <span class='ocrx_word' id='word_1_93' title='bbox 630 2304 735 2350; x_wconf 85' lang='lat' dir='ltr'>earum</span> <span class='ocrx_word' id='word_1_94' title='bbox 755 2305 821 2377; x_wconf 83' lang='lat' dir='ltr'>quae</span> <span class='ocrx_word' id='word_1_95' title='bbox 836 2281 869 2350; x_wconf 82' lang='lat' dir='ltr'>in</span> <span class='ocrx_word' id='word_1_96' title='bbox 885 2296 1058 2351; x_wconf 83' lang='lat' dir='ltr'>contextum</span> <span class='ocrx_word' id='word_1_97' title='bbox 1075 2295 1205 2374; x_wconf 72' lang='lat' dir='ltr'>recepta</span> <span class='ocrx_word' id='word_1_98' title='bbox 1212 2279 1349 2372; x_wconf 75' lang='lat' dir='ltr'>suerunt</span> <span class='ocrx_word' id='word_1_99' title='bbox 1364 2275 1510 2370; x_wconf 73' lang='lat' dir='ltr'>emenda·</span> 
     </span>
     <span class='ocr_line' id='line_1_17' title="bbox 480 2391 1512 2493; baseline -0.001 -30"><span class='ocrx_word' id='word_1_100' title='bbox 480 2395 595 2464; x_wconf 81' lang='lat' dir='ltr'>tt&#39;onum</span> <span class='ocrx_word' id='word_1_101' title='bbox 620 2410 652 2464; x_wconf 86' lang='lat' dir='ltr'>et</span> <span class='ocrx_word' id='word_1_102' title='bbox 676 2397 811 2466; x_wconf 84' lang='lat' dir='ltr'>aliarum</span> <span class='ocrx_word' id='word_1_103' title='bbox 835 2397 942 2478; x_wconf 83' lang='lat' dir='ltr'>etiem,</span> <span class='ocrx_word' id='word_1_104' title='bbox 967 2419 1042 2493; x_wconf 80' lang='lat' dir='ltr'>quas</span> <span class='ocrx_word' id='word_1_105' title='bbox 1066 2397 1100 2466; x_wconf 85' lang='lat' dir='ltr'>in</span> <span class='ocrx_word' id='word_1_106' title='bbox 1126 2393 1385 2466; x_wconf 85' lang='lat' dir='ltr'>Annotationibus</span> <span class='ocrx_word' id='word_1_107' title='bbox 1402 2391 1512 2484; x_wconf 68' lang='lat' dir='ltr'>babes·</span> 
     </span>
     <span class='ocr_line' id='line_1_18' title="bbox 476 2507 1511 2606; baseline 0 -28"><span class='ocrx_word' id='word_1_108' title='bbox 476 2511 633 2606; x_wconf 82' lang='lat' dir='ltr'>pleraeque</span> <span class='ocrx_word' id='word_1_109' title='bbox 648 2510 682 2580; x_wconf 89' lang='lat' dir='ltr'>in</span> <span class='ocrx_word' id='word_1_110' title='bbox 696 2507 863 2597; x_wconf 68' lang='lat' dir='ltr'>doslifflmo</span> <span class='ocrx_word' id='word_1_111' title='bbox 879 2525 910 2580; x_wconf 83' lang='lat' dir='ltr'>et</span> <span class='ocrx_word' id='word_1_112' title='bbox 927 2509 1144 2606; x_wconf 79' lang='lat' dir='ltr'>elegantifflma</span> <span class='ocrx_word' id='word_1_113' title='bbox 1163 2509 1414 2604; x_wconf 74' lang='lat' dir='ltr'>interpretatione</span> <span class='ocrx_word' id='word_1_114' title='bbox 1430 2507 1511 2579; x_wconf 84' lang='lat' dir='ltr'>Gat-</span> 
     </span>
     <span class='ocr_line' id='line_1_19' title="bbox 479 2622 1510 2722; baseline -0.001 -28"><span class='ocrx_word' id='word_1_115' title='bbox 479 2623 541 2694; x_wconf 82' lang='lat' dir='ltr'>lico</span> <span class='ocrx_word' id='word_1_116' title='bbox 568 2622 745 2720; x_wconf 65' lang='lat' dir='ltr'>observatae</span> <span class='ocrx_word' id='word_1_117' title='bbox 767 2625 915 2722; x_wconf 82' lang='lat' dir='ltr'>suerunt,</span> <span class='ocrx_word' id='word_1_118' title='bbox 945 2651 982 2696; x_wconf 77' lang='lat' dir='ltr'>ex</span> <span class='ocrx_word' id='word_1_119' title='bbox 1007 2626 1115 2722; x_wconf 83' lang='lat' dir='ltr'>iisdem</span> <span class='ocrx_word' id='word_1_120' title='bbox 1141 2623 1369 2720; x_wconf 77' lang='lat' dir='ltr'>exemplaribus</span> <span class='ocrx_word' id='word_1_121' title='bbox 1389 2625 1510 2718; x_wconf 81' lang='lat' dir='ltr'>pettlae.</span> 
     </span>
     <span class='ocr_line' id='line_1_20' title="bbox 481 2734 1513 2834; baseline -0.004 -22"><span class='ocrx_word' id='word_1_122' title='bbox 481 2738 523 2812; x_wconf 92' lang='lat' dir='ltr'>ln</span> <span class='ocrx_word' id='word_1_123' title='bbox 541 2739 726 2812; x_wconf 80' lang='lat' dir='ltr'>Moralibus</span> <span class='ocrx_word' id='word_1_124' title='bbox 743 2738 791 2811; x_wconf 94' lang='lat' dir='ltr'>nil</span> <span class='ocrx_word' id='word_1_125' title='bbox 817 2737 1018 2834; x_wconf 88' lang='lat' dir='ltr'>hujusmodi</span> <span class='ocrx_word' id='word_1_126' title='bbox 1035 2736 1121 2810; x_wconf 88' lang='lat' dir='ltr'>dicit</span> <span class='ocrx_word' id='word_1_127' title='bbox 1132 2769 1144 2822; x_wconf 85' lang='lat'>3</span> <span class='ocrx_word' id='word_1_128' title='bbox 1171 2734 1290 2834; x_wconf 88' lang='lat' dir='ltr'>potuit</span> <span class='ocrx_word' id='word_1_129' title='bbox 1315 2751 1436 2808; x_wconf 80' lang='lat' dir='ltr'>tomen</span> <span class='ocrx_word' id='word_1_130' title='bbox 1461 2739 1513 2824; x_wconf 85' lang='lat' dir='ltr'>A·</span> 
     </span>
     <span class='ocr_line' id='line_1_21' title="bbox 482 2850 1511 2950; baseline -0.004 -24"><span class='ocrx_word' id='word_1_131' title='bbox 482 2877 613 2927; x_wconf 80' lang='lat' dir='ltr'>mrorr</span> <span class='ocrx_word' id='word_1_132' title='bbox 634 2851 974 2950; x_wconf 85' lang='lat' dir='ltr'>Interpretationem,</span> <span class='ocrx_word' id='word_1_133' title='bbox 1000 2855 1066 2924; x_wconf 80' lang='lat' dir='ltr'>sive</span> <span class='ocrx_word' id='word_1_134' title='bbox 1086 2851 1159 2947; x_wconf 89' lang='lat' dir='ltr'>jam</span> <span class='ocrx_word' id='word_1_135' title='bbox 1174 2850 1322 2938; x_wconf 80' lang='lat' dir='ltr'>editam,</span> <span class='ocrx_word' id='word_1_136' title='bbox 1337 2852 1511 2948; x_wconf 82' lang='lat' dir='ltr'>sivenon-</span> 
     </span>
    </p>
   </div>
   <div class='ocr_carea' id='block_1_3' title="bbox 479 2961 1515 4436">
    <p class='ocr_par' dir='ltr' id='par_1_3' title="bbox 479 2961 1515 4436">
     <span class='ocr_line' id='line_1_22' title="bbox 480 2961 1512 3065; baseline -0.002 -27"><span class='ocrx_word' id='word_1_137' title='bbox 480 2966 568 3039; x_wconf 94' lang='lat' dir='ltr'>dum</span> <span class='ocrx_word' id='word_1_138' title='bbox 585 2967 730 3054; x_wconf 85' lang='lat' dir='ltr'>editam,</span> <span class='ocrx_word' id='word_1_139' title='bbox 746 2983 838 3042; x_wconf 88' lang='lat' dir='ltr'>certe</span> <span class='ocrx_word' id='word_1_140' title='bbox 852 2985 1059 3065; x_wconf 83' lang='lat' dir='ltr'>apparatum</span> <span class='ocrx_word' id='word_1_141' title='bbox 1075 2965 1161 3060; x_wconf 89' lang='lat' dir='ltr'>ejus,</span> <span class='ocrx_word' id='word_1_142' title='bbox 1179 2963 1367 3040; x_wconf 90' lang='lat' dir='ltr'>consulere.</span> <span class='ocrx_word' id='word_1_143' title='bbox 1394 2961 1512 3064; x_wconf 83' lang='lat' dir='ltr'>Qrin·</span> 
     </span>
     <span class='ocr_line' id='line_1_23' title="bbox 482 3077 1511 3178; baseline 0.001 -27"><span class='ocrx_word' id='word_1_144' title='bbox 482 3095 519 3151; x_wconf 88' lang='lat' dir='ltr'>to</span> <span class='ocrx_word' id='word_1_145' title='bbox 537 3082 615 3152; x_wconf 91' lang='lat' dir='ltr'>loco</span> <span class='ocrx_word' id='word_1_146' title='bbox 634 3084 858 3155; x_wconf 85' lang='lat' dir='ltr'>memorando</span> <span class='ocrx_word' id='word_1_147' title='bbox 874 3081 924 3152; x_wconf 89' lang='lat' dir='ltr'>est</span> <span class='ocrx_word' id='word_1_148' title='bbox 940 3085 1130 3154; x_wconf 83' lang='lat' dir='ltr'>Bafileensis</span> <span class='ocrx_word' id='word_1_149' title='bbox 1143 3079 1264 3166; x_wconf 80' lang='lat' dir='ltr'>editio,</span> <span class='ocrx_word' id='word_1_150' title='bbox 1280 3105 1354 3152; x_wconf 94' lang='lat' dir='ltr'>non</span> <span class='ocrx_word' id='word_1_151' title='bbox 1365 3077 1511 3178; x_wconf 89' lang='lat' dir='ltr'>quidem</span> 
     </span>
     <span class='ocr_line' id='line_1_24' title="bbox 480 3191 1511 3291; baseline -0.002 -23"><span class='ocrx_word' id='word_1_152' title='bbox 480 3209 521 3268; x_wconf 88' lang='lat' dir='ltr'>ut</span> <span class='ocrx_word' id='word_1_153' title='bbox 550 3220 671 3270; x_wconf 87' lang='lat' dir='ltr'>omnes</span> <span class='ocrx_word' id='word_1_154' title='bbox 694 3197 766 3290; x_wconf 88' lang='lat' dir='ltr'>ejus</span> <span class='ocrx_word' id='word_1_155' title='bbox 794 3196 949 3270; x_wconf 83' lang='lat' dir='ltr'>meliores</span> <span class='ocrx_word' id='word_1_156' title='bbox 973 3195 1135 3271; x_wconf 70' lang='lat' dir='ltr'>sessiones</span> <span class='ocrx_word' id='word_1_157' title='bbox 1163 3193 1354 3291; x_wconf 80' lang='lat' dir='ltr'>reciperet3</span> <span class='ocrx_word' id='word_1_158' title='bbox 1385 3191 1443 3266; x_wconf 89' lang='lat' dir='ltr'>sed</span> <span class='ocrx_word' id='word_1_159' title='bbox 1469 3209 1511 3266; x_wconf 84' lang='lat' dir='ltr'>ut</span> 
     </span>
     <span class='ocr_line' id='line_1_25' title="bbox 479 3308 1511 3410; baseline 0 -28"><span class='ocrx_word' id='word_1_160' title='bbox 479 3336 570 3397; x_wconf 77' lang='lat' dir='ltr'>eom,</span> <span class='ocrx_word' id='word_1_161' title='bbox 595 3310 825 3410; x_wconf 83' lang='lat' dir='ltr'>negligentius</span> <span class='ocrx_word' id='word_1_162' title='bbox 852 3311 1010 3408; x_wconf 84' lang='lat' dir='ltr'>quidem,</span> <span class='ocrx_word' id='word_1_163' title='bbox 1039 3311 1220 3386; x_wconf 82' lang='lat' dir='ltr'>adhiberet</span> <span class='ocrx_word' id='word_1_164' title='bbox 1243 3325 1363 3385; x_wconf 81' lang='lat' dir='ltr'>tomen</span> <span class='ocrx_word' id='word_1_165' title='bbox 1388 3308 1511 3384; x_wconf 87' lang='lat' dir='ltr'>multis</span> 
     </span>
     <span class='ocr_line' id='line_1_26' title="bbox 481 3425 1511 3525; baseline 0.003 -26"><span class='ocrx_word' id='word_1_166' title='bbox 481 3427 574 3499; x_wconf 83' lang='lat' dir='ltr'>locis.</span> <span class='ocrx_word' id='word_1_167' title='bbox 629 3426 749 3501; x_wconf 91' lang='lat' dir='ltr'>Veluti</span> <span class='ocrx_word' id='word_1_168' title='bbox 776 3428 940 3525; x_wconf 75' lang='lat' dir='ltr'>neglcclae</span> <span class='ocrx_word' id='word_1_169' title='bbox 970 3429 1175 3523; x_wconf 84' lang='lat' dir='ltr'>exemplum</span> <span class='ocrx_word' id='word_1_170' title='bbox 1203 3425 1314 3500; x_wconf 83' lang='lat' dir='ltr'>exstat</span> <span class='ocrx_word' id='word_1_171' title='bbox 1347 3427 1406 3501; x_wconf 90' lang='lat' dir='ltr'>De</span> <span class='ocrx_word' id='word_1_172' title='bbox 1428 3429 1511 3502; x_wconf 80' lang='lat' dir='ltr'>For·</span> 
     </span>
     <span class='ocr_line' id='line_1_27' title="bbox 480 3540 1515 3640; baseline 0 -26"><span class='ocrx_word' id='word_1_173' title='bbox 480 3561 555 3614; x_wconf 78' lang='lat' dir='ltr'>tum</span> <span class='ocrx_word' id='word_1_174' title='bbox 572 3547 663 3616; x_wconf 82' lang='lat' dir='ltr'>Rom.</span> <span class='ocrx_word' id='word_1_175' title='bbox 691 3568 727 3639; x_wconf 86' lang='lat' dir='ltr'>p.</span> <span class='ocrx_word' id='word_1_176' title='bbox 748 3547 833 3640; x_wconf 81' lang='lat'>326,</span> <span class='ocrx_word' id='word_1_177' title='bbox 851 3547 911 3628; x_wconf 83' lang='lat' dir='ltr'>A;</span> <span class='ocrx_word' id='word_1_178' title='bbox 938 3541 987 3612; x_wconf 84' lang='lat' dir='ltr'>ito</span> <span class='ocrx_word' id='word_1_179' title='bbox 1012 3540 1138 3638; x_wconf 86' lang='lat' dir='ltr'>legitur</span> <span class='ocrx_word' id='word_1_180' title='bbox 1163 3541 1199 3614; x_wconf 91' lang='lat' dir='ltr'>in</span> <span class='ocrx_word' id='word_1_181' title='bbox 1223 3541 1382 3616; x_wconf 84' lang='lat' dir='ltr'>Aldina:</span> <span class='ocrx_word' id='word_1_182' title='bbox 1408 3541 1515 3616; x_wconf 67' lang='grc' dir='ltr'>Ἀλλὲ</span> 
     </span>
     <span class='ocr_line' id='line_1_28' title="bbox 480 3659 1512 3758; baseline 0.002 -30"><span class='ocrx_word' id='word_1_183' title='bbox 480 3661 512 3728; x_wconf 80' lang='lat' dir='ltr'>rt&#39;</span> <span class='ocrx_word' id='word_1_184' title='bbox 527 3664 571 3728; x_wconf 69' lang='grc' dir='ltr'>δεῖ</span> <span class='ocrx_word' id='word_1_185' title='bbox 582 3660 650 3758; x_wconf 71' lang='grc' dir='ltr'>περὶ</span> <span class='ocrx_word' id='word_1_186' title='bbox 668 3663 768 3730; x_wconf 68' lang='lat' dir='ltr'>reiro</span> <span class='ocrx_word' id='word_1_187' title='bbox 785 3659 965 3757; x_wconf 67' lang='grc' dir='ltr'>διατςίῖεινς</span> <span class='ocrx_word' id='word_1_188' title='bbox 991 3662 1105 3746; x_wconf 77' lang='grc' dir='ltr'>οἶσαφὶς</span> <span class='ocrx_word' id='word_1_189' title='bbox 1122 3663 1184 3730; x_wconf 70' lang='lat' dir='ltr'>ilio</span> <span class='ocrx_word' id='word_1_190' title='bbox 1200 3661 1248 3730; x_wconf 74' lang='lat' dir='ltr'>risi</span> <span class='ocrx_word' id='word_1_191' title='bbox 1265 3660 1415 3758; x_wconf 60' lang='grc' dir='ltr'>ὁρωμένου</span> <span class='ocrx_word' id='word_1_192' title='bbox 1433 3661 1512 3756; x_wconf 63' lang='grc' dir='ltr'><strong>ἔχει.</strong></span> 
     </span>
     <span class='ocr_line' id='line_1_29' title="bbox 481 3771 1512 3870; baseline 0.002 -26"><span class='ocrx_word' id='word_1_193' title='bbox 481 3775 733 3859; x_wconf 66' lang='lat' dir='ltr'>Sturum-s,</span> <span class='ocrx_word' id='word_1_194' title='bbox 759 3791 800 3846; x_wconf 86' lang='lat' dir='ltr'>ut</span> <span class='ocrx_word' id='word_1_195' title='bbox 824 3773 944 3847; x_wconf 78' lang='lat' dir='ltr'>litltem</span> <span class='ocrx_word' id='word_1_196' title='bbox 961 3773 1048 3868; x_wconf 88' lang='lat' dir='ltr'>quid</span> <span class='ocrx_word' id='word_1_197' title='bbox 1065 3774 1163 3846; x_wconf 82' lang='lat' dir='ltr'>daret</span> <span class='ocrx_word' id='word_1_198' title='bbox 1181 3771 1280 3870; x_wconf 89' lang='lat' dir='ltr'>quod</span> <span class='ocrx_word' id='word_1_199' title='bbox 1295 3771 1431 3847; x_wconf 86' lang='lat' dir='ltr'>sensum</span> <span class='ocrx_word' id='word_1_200' title='bbox 1447 3775 1512 3846; x_wconf 85' lang='lat' dir='ltr'>ha-</span> 
     </span>
     <span class='ocr_line' id='line_1_30' title="bbox 481 3885 1512 3984; baseline 0.001 -25"><span class='ocrx_word' id='word_1_201' title='bbox 481 3891 587 3971; x_wconf 87' lang='lat' dir='ltr'>beret,</span> <span class='ocrx_word' id='word_1_202' title='bbox 613 3889 776 3962; x_wconf 83' lang='lat' dir='ltr'>exhibuit</span> <span class='ocrx_word' id='word_1_203' title='bbox 803 3896 892 3978; x_wconf 73' lang='grc' dir='ltr'><strong>σαφὲς</strong></span> <span class='ocrx_word' id='word_1_204' title='bbox 919 3913 982 3984; x_wconf 86' lang='lat' dir='ltr'>pro</span> <span class='ocrx_word' id='word_1_205' title='bbox 1007 3893 1132 3976; x_wconf 64' lang='grc' dir='ltr'>ἀσαφές.</span> <span class='ocrx_word' id='word_1_206' title='bbox 1184 3893 1236 3962; x_wconf 88' lang='lat' dir='ltr'>At</span> <span class='ocrx_word' id='word_1_207' title='bbox 1254 3913 1372 3984; x_wconf 81' lang='lat' dir='ltr'>veram</span> <span class='ocrx_word' id='word_1_208' title='bbox 1387 3885 1512 3960; x_wconf 69' lang='lat' dir='ltr'>lectio-</span> 
     </span>
     <span class='ocr_line' id='line_1_31' title="bbox 481 4001 1514 4100; baseline 0.004 -28"><span class='ocrx_word' id='word_1_209' title='bbox 481 4026 560 4072; x_wconf 81' lang='lat' dir='ltr'>nem</span> <span class='ocrx_word' id='word_1_210' title='bbox 586 4003 775 4076; x_wconf 76' lang='lat' dir='ltr'>Basileensis</span> <span class='ocrx_word' id='word_1_211' title='bbox 795 4003 870 4096; x_wconf 85' lang='lat' dir='ltr'>jam</span> <span class='ocrx_word' id='word_1_212' title='bbox 895 4003 1036 4074; x_wconf 83' lang='lat' dir='ltr'>dederat</span> <span class='ocrx_word' id='word_1_213' title='bbox 1054 4003 1076 4074; x_wconf 75' lang='grc' dir='ltr'>δὲ</span> <span class='ocrx_word' id='word_1_214' title='bbox 1094 4009 1197 4090; x_wconf 70' lang='grc' dir='ltr'>σαφὲς,</span> <span class='ocrx_word' id='word_1_215' title='bbox 1223 4027 1380 4100; x_wconf 88' lang='lat' dir='ltr'>quacum</span> <span class='ocrx_word' id='word_1_216' title='bbox 1402 4001 1514 4076; x_wconf 88' lang='lat' dir='ltr'>nostri</span> 
     </span>
     <span class='ocr_line' id='line_1_32' title="bbox 479 4115 1512 4232; baseline 0.002 -43"><span class='ocrx_word' id='word_1_217' title='bbox 479 4117 700 4191; x_wconf 85' lang='lat' dir='ltr'>consentiunt</span> <span class='ocrx_word' id='word_1_218' title='bbox 725 4116 852 4214; x_wconf 88' lang='lat' dir='ltr'>scripti.</span> <span class='ocrx_word' id='word_1_219' title='bbox 906 4121 997 4190; x_wconf 91' lang='lat' dir='ltr'>Sunt</span> <span class='ocrx_word' id='word_1_220' title='bbox 1023 4140 1106 4189; x_wconf 77' lang='lat' dir='ltr'>vero</span> <span class='ocrx_word' id='word_1_221' title='bbox 1130 4115 1238 4190; x_wconf 88' lang='lat' dir='ltr'>etiam</span> <span class='ocrx_word' id='word_1_222' title='bbox 1265 4116 1418 4214; x_wconf 81' lang='lat' dir='ltr'>plurima</span> <span class='ocrx_word' id='word_1_223' title='bbox 1446 4143 1512 4232; x_wconf 73' lang='lat' dir='ltr'>etr·¹</span> 
     </span>
     <span class='ocr_line' id='line_1_33' title="bbox 480 4229 1513 4331; baseline 0.004 -29"><span class='ocrx_word' id='word_1_224' title='bbox 480 4235 593 4328; x_wconf 85' lang='lat' dir='ltr'>einplo</span> <span class='ocrx_word' id='word_1_225' title='bbox 614 4233 778 4331; x_wconf 70' lang='lat' dir='ltr'>neglestae</span> <span class='ocrx_word' id='word_1_226' title='bbox 803 4231 984 4328; x_wconf 89' lang='lat' dir='ltr'>utriusque</span> <span class='ocrx_word' id='word_1_227' title='bbox 1005 4255 1089 4303; x_wconf 82' lang='lat' dir='ltr'>cum</span> <span class='ocrx_word' id='word_1_228' title='bbox 1115 4229 1254 4304; x_wconf 84' lang='lat' dir='ltr'>Aldinae</span> <span class='ocrx_word' id='word_1_229' title='bbox 1281 4251 1363 4306; x_wconf 88' lang='lat' dir='ltr'>tum</span> <span class='ocrx_word' id='word_1_230' title='bbox 1385 4233 1513 4306; x_wconf 77' lang='lat' dir='ltr'>Basile-</span> 
     </span>
     <span class='ocr_line' id='line_1_34' title="bbox 479 4345 1514 4436; baseline 0.006 -20"><span class='ocrx_word' id='word_1_231' title='bbox 479 4353 576 4436; x_wconf 76' lang='lat' dir='ltr'>enlis,</span> <span class='ocrx_word' id='word_1_232' title='bbox 608 4365 642 4424; x_wconf 88' lang='lat' dir='ltr'>et</span> <span class='ocrx_word' id='word_1_233' title='bbox 672 4347 760 4422; x_wconf 73' lang='lat' dir='ltr'>sollio</span> <span class='ocrx_word' id='word_1_234' title='bbox 790 4351 889 4424; x_wconf 86' lang='lat' dir='ltr'>simul</span> <span class='ocrx_word' id='word_1_235' title='bbox 922 4349 1076 4422; x_wconf 65' lang='lat' dir='ltr'>inductae</span> <span class='ocrx_word' id='word_1_236' title='bbox 1104 4346 1337 4424; x_wconf 67' lang='lat' dir='ltr'>comestionis.</span> <span class='ocrx_word' id='word_1_237' title='bbox 1389 4345 1514 4422; x_wconf 85' lang='lat' dir='ltr'>Veluti</span> 
     </span>
    </p>
   </div>
   <div class='ocr_carea' id='block_1_4' title="bbox 0 0 1826 5492">
    <p class='ocr_par' dir='ltr' id='par_1_4' title="bbox 0 0 1826 5492">
     <span class='ocr_line' id='line_1_35' title="bbox 0 0 1826 5492; baseline 0 0"><span class='ocrx_word' id='word_1_238' title='bbox 0 0 1826 5492; x_wconf 95' lang='lat' dir='ltr'> </span> 
     </span>
    </p>
   </div>
  </div>
 </body>
</html>
