3642 5492
671 577 1134 682 enmrntro
1384 584 1422 666 n

413 787 475 850 lom
487 773 666 850 uranum
683 788 719 846 et
737 770 1020 847 constituendam
1033 772 1189 861 refertur,
1209 772 1244 847 in
1256 799 1328 872 qua
1344 769 1426 873 pto}

416 887 509 981 prium
524 916 564 965 ac
582 887 807 987 praecipuum
823 879 1139 962 editoris'officium
1154 889 1319 977 versatur,
1345 915 1425 987 quae

419 1005 458 1077 rel
471 1002 535 1103 ipsa
560 1029 625 1102 per
645 1002 678 1077 se
698 1003 769 1077 sola
786 1000 890 1099 justae
914 1001 1019 1075 instar
1041 1003 1215 1077 Editionis
1232 1004 1424 1080 censeatur.

419 1118 529 1221 Quin
545 1145 596 1207 re,
622 1133 664 1193 ut
680 1143 788 1216 parva
806 1120 942 1219 magnis
958 1118 1149 1205 conseram,
1175 1119 1251 1192 cavi
1270 1143 1313 1192 ne
1331 1119 1426 1193 idem

418 1233 668 1322 committerem,
692 1236 793 1332 quod
811 1233 849 1307 in
872 1233 1022 1331 Polybio
1040 1234 1246 1309 commisisse
1264 1236 1427 1308 dolemus

415 1346 702 1443 Carnuoouurrr:
730 1346 793 1447 qui
818 1347 937 1446 magni
963 1365 997 1421 et
1020 1349 1147 1449 egregii
1168 1347 1425 1424 Commentarii

356 1553 360 1563 Ι
413 1464 573 1541 molitione
597 1484 793 1566 occupatus
814 1465 1100 1539 emendationem
1128 1464 1245 1540 Graeci
1270 1465 1424 1560 exempli

358 1614 366 1638 .
411 1576 453 1654 rix
475 1579 609 1681 attigit,
640 1577 802 1679 quamvis
824 1580 925 1654 facile
947 1580 1208 1667 absolvendam,
1236 1580 1423 1653 sraCom-

408 1691 563 1769 mentario
579 1720 658 1768 eam
673 1694 891 1791 disjunxisset
908 1714 943 1769 et
962 1695 1201 1793 anticipasset:
1223 1720 1319 1769 nunc
1335 1695 1424 1768 utri-

406 1832 459 1906 que
476 1813 580 1888 fimul
596 1810 780 1886 interitum
796 1810 890 1909 parti
902 1837 1010 1899 mors,
1028 1838 1113 1886 cum
1125 1811 1266 1910 reliquae
1280 1810 1424 1886 interitu

404 1950 503 2026 opere
519 1928 726 2024 conjuncta,
744 1928 945 2027 occupavit.

440 2040 552 2144 Igitur
574 2043 620 2117 de
646 2044 772 2132 tribus,
798 2070 879 2143 quae
902 2043 1004 2118 initio
1028 2044 1313 2131 memoravimus,
1336 2069 1425 2142 prae·

400 2155 529 2234 orionis
554 2157 744 2257 capitibus,
767 2160 841 2233 duo
863 2158 966 2234 nobis
985 2159 1193 2255 explicanda
1217 2160 1422 2257 supersunt:

400 2274 520 2373 quibus
530 2273 705 2373 explicitis
723 2274 949 2374 intelligatur,
964 2267 1106 2374 quid'in
1126 2276 1305 2351 Plutarchi
1322 2275 1424 2374 scrip·

399 2386 565 2465 tiramuc
581 2416 604 2463 a
615 2391 774 2487 prioribus
789 2392 973 2478 editoribus,
991 2390 1078 2489 quid
1094 2417 1189 2466 nunc
1205 2420 1227 2465 a
1240 2419 1289 2466 me
1300 2391 1423 2488 astum

398 2506 446 2579 fir.
493 2506 606 2607 Qtod
622 2505 770 2604 quidem
794 2506 843 2581 ita
865 2508 1003 2605 planius
1026 2507 1252 2607 intelligetur,
1277 2512 1301 2584 st
1326 2510 1422 2607 prius

399 2641 504 2718 opert
518 2644 607 2702 muae
625 2619 727 2696 initia
743 2637 779 2696 et
795 2626 1011 2723 progressum
1029 2648 1241 2701 enarravero.

772 3019 964 3081 CAPUT
1003 3019 1046 3085 ll.

417 3228 467 3308 Dr
487 3237 588 3309 initiis
612 3253 644 3308 rt
663 3238 818 3335 progreffir
843 3258 943 3335 operio
966 3237 1009 3311 ab
1034 3238 1171 3312 Editore
1195 3244 1226 3314 in
1245 3241 1414 3314 Plutarchi

743 3367 872 3465 scriptis
896 3370 1063 3441 collocate.

449 3555 486 3634 N
514 3560 650 3636 Grecis
678 3561 907 3651 Austoribus,
936 3565 1000 3664 qui
1027 3591 1084 3640 me
1106 3565 1361 3643 adolescentem
1385 3592 1426 3642 ac

464 3691 563 3773 pune
586 3700 741 3774 puerum
765 3678 839 3751 haec
863 3670 1253 3781 studia‘ingredientem
1270 3707 1342 3778 prae
1359 3706 1426 3756 cae-

403 3789 476 3866 ruis
492 3809 668 3884 tenerent,
684 3793 844 3894 princeps
860 3794 930 3870 fuit
947 3798 1062 3872 Plato.
1107 3801 1143 3872 A
1158 3797 1258 3892 cujus
1275 3793 1372 3869 fonte
1390 3810 1427 3870 et

402 3905 567 3999 obertate,
597 3933 715 4009 quum
740 3935 785 3985 ex
811 3911 1144 3986 Rorrtrxrurnurs
1173 3913 1219 3985 ad
1244 3910 1428 3987 Tirnaeum

400 4021 750 4100 animadverfionibus
765 4025 1016 4123 cognovissem,
1032 4041 1209 4125 quantum
1225 4025 1429 4124 posteriores

399 4134 584 4240 Scriptores
617 4155 654 4216 et
682 4140 879 4216 hausissent
895 4140 1085 4215 venustatis
1111 4166 1152 4215 ac
1177 4139 1360 4227 doetrinae,
1391 4156 1428 4213 et
1444 4131 1458 4231 J

399 4273 488 4331 nunc
512 4255 623 4331 etiam
645 4255 882 4355 exspeelarent
904 4254 1046 4331 luminis
1068 4282 1109 4330 ac
1129 4255 1273 4329 medelae
1288 4254 1428 4343 {sumit

397 4368 480 4445 milri
494 4396 542 4447 ex
559 4373 690 4447 horum
706 4397 858 4447 numero
875 4373 966 4447 duos
979 4370 1125 4445 minime
1137 4370 1451 4471 contemnendos„

398 4507 483 4585 quor
497 4512 544 4566 ex
563 4488 750 4577 Veterum,
776 4487 936 4568 maxime
949 4484 1118 4574 Platonis,
1144 4484 1303 4563 sontibus
1325 4481 1430 4561 corri-
