3642 5492
393 619 449 697 civ
677 585 1136 700 P'RAEFATIO.

396 809 489 893 alpos
505 837 537 877 τε
552 801 604 878 uui
623 804 748 907 ifopsuitiu
763 803 928 901 ἱξοχωΊοῖτε
944 815 1083 876 MIKTA
1101 812 1418 888 zrrrtAMMATA,

397 931 532 992 ΗΘΙΚΑ
552 925 616 999 τοῖς
638 924 768 997 πολλοῖς
790 921 961 1013 λεγόμεναι
990 916 1233 990 Psursncttt
1255 916 1418 990 Cflffluo·

399 1059 555 1119 Nestus,
570 1033 821 1132 Philosophorum
831 1049 863 1104 et
874 1033 1095 1124 Historieorum
1106 1034 1273 1132 principis,
1290 1055 1418 1104 volut

399 1176 590 1237 semro,
616 1176 683 1249 quae
705 1149 913 1223 Motum
933 1153 1029 1246 vulgo
1047 1150 1204 1235 dicamur,
1228 1173 1307 1219 vere
1322 1163 1418 1218 autem

397 1249 586 1342 bibliotheca
615 1283 646 1338 et
674 1284 772 1362 penus
806 1267 902 1337 omuis
934 1263 1084 1337 dollriue
1112 1267 1267 1366 appellari
1294 1267 1418 1364 poffieut.

401 1385 583 1458 Incredibili
607 1409 682 1456 cura
706 1410 744 1455 as
760 1383 887 1466 labore,
901 1398 933 1453 et
951 1382 1024 1474 fide
1036 1385 1161 1481 suoomo
1176 1385 1281 1456 multis
1296 1382 1418 1455 menelai

398 1523 466 1568 rum
479 1497 618 1569 millibus
640 1513 826 1593 expurgata,
846 1493 1006 1568 lodicibus
1021 1498 1165 1592 locupleti
1182 1497 1250 1568 artis
1266 1497 1418 1587 iesimlla,

396 1635 421 1706 (ζ
437 1612 560 1686 Goth.
579 1611 812 1686 XYLANDRo
828 1613 1016 1709 Augustam,
1033 1628 1065 1683 et
1079 1615 1201 1710 ioulytae
1217 1611 1418 1710 acsloretttfi

399 1725 668 1828 Befileae'bouoris
685 1728 797 1824 gratia
818 1725 1111 1810 dedicata-Com
1130 1728 1302 1826 privilegio
1323 1725 1418 1824 Casa·

398 1869 459 1932 reae
486 1844 668 1940 Mojestatis
695 1843 743 1912 acl
764 1866 857 1914 assuas
881 1866 917 1914 x.
958 1841 1146 1938 Bostarem
1172 1861 1231 1938 per
1258 1841 1418 1940 Eusebium

399 1962 594 2060 Episcopium
610 1975 641 2031 et
657 1957 786 2031 Nicolai
806 1959 866 2032 Fr.
886 1958 1024 2032 heredes
1043 1982 1239 2030 mntxxw.
1291 1955 1418 2032 Addita

398 2073 448 2148 est
465 2073 620 2171 Epistola
635 2071 847 2148 dedicatoria
863 2073 907 2145 ad
927 2070 1089 2146 Civitatis
1112 2073 1246 2146 Basileae
1262 2071 1418 2152 Processu

397 2191 650 2288 Senatumque,
673 2216 718 2264 ex
742 2216 814 2288 qua
835 2179 1053 2287 intelligitur,
1080 2189 1125 2262 ad
1149 2190 1239 2261 hanc
1262 2187 1418 2261 Graecam

398 2304 602 2382 Editionem
620 2330 713 2380 nova
728 2302 886 2391 subsidia,
911 2319 1037 2400 praeter
1055 2329 1097 2376 ea
1119 2329 1199 2400 quae
1220 2303 1266 2376 ad
1289 2305 1418 2376 Verfio·

399 2447 480 2496 nem
497 2420 753 2496 conficiendam
769 2419 962 2509 adfuerant,
979 2449 999 2494 a
1016 2423 1249 2496 XYLAanno
1265 2416 1418 2514 adhibite

397 2537 462 2610 effe
480 2537 585 2609 nulla.
639 2535 751 2634 ltaque
766 2562 850 2634 ergo,
877 2534 1005 2633 inquit,
1028 2537 1107 2609 huuc
1123 2535 1331 2609 Plutarchum
1347 2535 1418 2608 nihi

387 2653 462 2752 sum
479 2655 600 2724 veritus
618 2675 715 2724 meum
731 2654 912 2746 appellare:
938 2680 1005 2725 cum
1022 2655 1117 2726 totius
1134 2656 1233 2750 operis
1246 2653 1418 2751 praestantis

398 2794 473 2840 rosea
494 2767 675 2864 pottffimum
699 2793 794 2854 eura,
811 2767 908 2860 fidei,
936 2770 1151 2869 iudtslriaeque
1173 2770 1352 2842 debeatur:
1378 2797 1418 2872 qu

397 2909 455 2957 uon
483 2908 575 2956 actum
601 2883 776 2958 mendorum
805 2883 973 2957 chiliadem
997 2889 1186 2983 expurgasti,
1213 2901 1244 2956 et
1267 2891 1418 2982 permulto

397 3005 530 3084 vtclrtera
544 2999 676 3097 sanavi,
699 3014 730 3070 et
753 3015 787 3070 ut
803 3002 932 3071 lellores
949 3001 1042 3072 ommis
1054 3003 1178 3097 gestetis
1193 3021 1260 3072 eum
1275 2999 1418 3074 haberem

369 3115 496 3207 refibus
512 3115 582 3211 ficis
607 3112 878 3197 accommodatum,
909 3115 1029 3212 ingenti
1050 3113 1300 3214 moleslishmoque
1320 3113 1418 3188 labore

397 3231 496 3325 effeci.
551 3230 666 3318 Quoia
683 3231 801 3328 negotio
818 3255 885 3302 cum
903 3231 985 3302 nihil
1006 3232 1073 3327 effer
1095 3257 1117 3299 a
1137 3229 1290 3301 codicibus
1313 3231 1418 3304 amitt

400 3342 640 3445 (Episcopiauus
663 3346 741 3416 ertum
766 3369 860 3441 usqum
875 3346 1023 3443 seutisim
1050 3347 1146 3439 operis
1169 3346 1312 3428 continet,
1337 3360 1371 3416 et
1386 3345 1418 3417 ii.

392 3457 565 3558 prasertim
580 3474 679 3542 caret,
698 3459 750 3555 qui
766 3474 796 3527 et
813 3456 1006 3555 ohscuriffimi
1015 3459 1091 3556 stou
1109 3475 1140 3529 et
1157 3455 1418 3556 depravatiffimi)

396 3575 554 3671 necesaria
571 3574 755 3673 adsolict‘tae
769 3572 941 3670 diligentia
957 3593 1041 3670 opem
1059 3577 1194 3673 sotsugi.
1240 3575 1353 3674 Itaque
1368 3601 1418 3648 vo·

397 3694 496 3762 lutari
509 3713 557 3763 me
573 3691 705 3784 oportuit
719 3705 780 3782 per
797 3688 906 3757 varios
919 3689 1099 3785 scriptores,
1116 3689 1227 3758 varias
1244 3689 1418 3787 disputatio

397 3830 449 3880 ues
470 3809 600 3880 outocium
620 3802 824 3904 philosophia·
837 3806 978 3898 partium
1001 3820 1153 3890 excutere,
1177 3804 1329 3896 verfioues
1347 3807 1418 3878 alio·

397 3949 465 3995 rum
482 3922 640 3996 hincinde
659 3924 763 3995 editas
780 3921 972 4018 perpendere
994 3940 1025 3993 et
1048 3922 1225 4019 eoosebluris
1247 3921 1418 4016 multiplici·

396 4040 454 4110 bus
470 4037 633 4122 liberere,
655 4065 693 4110 ac
712 4036 931 4134 propemodum
948 4039 989 4110 vd
1006 4040 1174 4131 πετόμενα,
1201 4037 1284 4136 quod
1296 4037 1418 4121 deeius,

396 4155 516 4226 διώκειν.
571 4150 650 4242 Qua
677 4155 777 4226 omnia
802 4177 835 4223 eo
863 4156 999 4224 alacrius
1024 4153 1112 4226 ohe'vi
1133 4170 1163 4225 et
1181 4154 1323 4252 stssimti,
1345 4178 1418 4251 quoa

398 4272 484 4371 ques
501 4271 581 4367 sato
613 4269 745 4369 quodam
772 4292 837 4339 meo
863 4270 1146 4342 testimari-verterem
1178 4267 1351 4341 Plutarcho
1376 4291 1418 4340 me

397 4391 625 4486 castsematum:
650 4386 735 4482 etes'tos
757 4388 856 4455 arnosia
872 4387 1009 4485 scripta,
1037 4413 1103 4483 qetae
1126 4387 1175 4458 ad
1195 4412 1248 4458 uos
1266 4405 1418 4483 pervene-

398 4521 481 4588 runt,
507 4503 626 4597 primus
655 4498 773 4571 Latiae
795 4524 863 4571 suot
887 4501 1093 4598 reddidssem,
1122 4507 1215 4576 etiam
1242 4501 1418 4576 Graec'orttm
