3642 5492
667 599 1135 690 PRAEFATIO.
1328 615 1418 693 xxiii

407 778 471 876 plati
495 782 653 883 mihique
681 790 727 862 ad
757 815 880 867 meum
907 793 1011 869 usum
1037 795 1228 871 utilissimi:
1265 799 1415 875 aliorum

408 895 463 971 usui
477 914 514 973 ut
527 905 858 994 accommodentur,
886 905 936 982 nil
958 908 1020 983 nisi
1038 909 1171 1009 aliquid
1188 910 1309 986 sorrnae
1327 916 1414 987 desr-

406 1009 509 1088 derant.

437 1128 615 1206 maenus
640 1134 685 1209 de
712 1136 975 1238 Interpretntr‘one
996 1139 1158 1214 distum:
1187 1169 1281 1217 nunc
1295 1144 1342 1243 ¹de
1360 1148 1411 1219 E-

405 1245 574 1319 sermione
591 1247 795 1324 dicendum.
847 1252 970 1349 Hujus
987 1255 1119 1352 duplex
1138 1254 1187 1328 est
1211 1254 1301 1344 sons,
1326 1259 1434 1334 alter

402 1353 641 1436 haustoritate
659 1378 694 1437 et
713 1363 879 1463 scriptura
895 1381 1055 1444 veterum
1077 1368 1242 1450 codicum
1263 1376 1408 1467 positus,

398 1473 462 1573 alter
475 1473 513 1549 in
529 1476 742 1572 conjectura
757 1480 1015 1576 probabilitate.

429 1591 471 1665 Et
486 1589 607 1689 primo
624 1591 783 1690 quidem,
809 1611 850 1668 ut
868 1596 924 1682 fit,
949 1598 993 1671 ad
1010 1599 1246 1694 conjecturam
1270 1625 1327 1674 me
1346 1601 1407 1673 da-

393 1701 468 1794 bam,
493 1719 530 1778 et
557 1706 678 1804 postea
699 1705 832 1807 semper
852 1734 931 1784 eam
948 1711 1164 1788 consertatus
1181 1712 1270 1790 sum.
1322 1716 1407 1787 Erat

390 1816 466 1892 enim
498 1817 598 1906 ferax
633 1822 887 1896 emendationis
926 1843 1034 1922 partae
1067 1841 1228 1901 accurata
1258 1826 1408 1905 rectione

389 1934 564 2011 tutoris:
592 1950 665 2010 erat
682 1937 803 2011 eadem
821 1938 948 2034 laboris
963 1966 1041 2038 pars
1058 1940 1319 2037 jucundiffima,
1341 1943 1405 2016 no‘c

386 2048 468 2124 labor
484 2049 607 2148 potius
624 2077 735 2149 quam
758 2053 1029 2130 condimentum
1044 2056 1182 2130 laboris.
1235 2059 1276 2129 ln
1293 2056 1405 2132 mani·

386 2163 440 2238 bus
453 2166 632 2239 habebam
654 2167 842 2263 parvulum
857 2172 1028 2242 volumen
1049 2170 1202 2266 exempli
1227 2172 1404 2244 Srarrrn-

384 2304 494 2355 maur
515 2280 634 2354 Graeei
649 2280 764 2356 habile
781 2298 816 2355 et
833 2284 878 2355 ad
895 2283 1105 2383 gestandum
1122 2280 1243 2358 facile:
1261 2298 1405 2380 captans

383 2393 489 2471 estivo
507 2409 666 2494 tempore
682 2397 846 2472 umbram
863 2400 1042 2486 arborum,
1059 2398 1205 2472 hiberno
1219 2398 1404 2473 matutinae

383 2511 465 2588 horae
481 2510 736 2610 integritatem,
761 2514 943 2587 nodturnae
962 2512 1267 2611 tranquillitatem,
1292 2511 1402 2608 conji-

383 2623 504 2701 ciebam
522 2652 581 2700 me
599 2626 636 2700 in
653 2627 839 2703 ledtionem
856 2627 1048 2715 Plutarchi,
1067 2627 1101 2701 in
1116 2627 1189 2726 ejus
1202 2655 1260 2703 me
1273 2626 1401 2703 oratio·

383 2767 449 2819 nem
465 2759 502 2819 et
518 2741 726 2817 sententiam
742 2741 883 2842 penitus
906 2729 1136 2830 infinuabam,
1162 2741 1273 2827 sensus
1289 2743 1400 2816 laten·

382 2871 422 2931 tes
443 2861 540 2957 quali
570 2857 722 2958 vestigiis
749 2858 922 2930 odorabat
948 2875 983 2932 et
1012 2857 1235 2964 indagabam.
1288 2857 1400 2931 Nulla

381 2998 439 3048 non
462 2972 570 3049 lesbio
595 2971 720 3046 habuit
746 2971 913 3071 insignem
939 2970 1147 3046 inventionis
1178 2969 1397 3057 suavitatem,

380 3114 436 3187 qua
461 3113 534 3163 non
560 3086 665 3172 ‚aliam
689 3088 856 3184 majorem
881 3085 942 3162 Dii
965 3085 1172 3160 mortalibus
1190 3083 1395 3183 largiuntur.

379 3207 484 3285 Modo
501 3207 738 3302 corruptelam
756 3203 931 3290 sanabanr,
957 3203 1066 3276 modo
1088 3201 1337 3275 obscuritatem
1355 3200 1397 3274 il·

377 3320 566 3408 lustrabam,
594 3317 862 3419 frequentissime
888 3332 1042 3399 veterem
1064 3316 1134 3413 ipse
1160 3342 1281 3408 mepm
1304 3342 1395 3390 erro·

377 3460 436 3512 rem
453 3436 686 3538 corrigebam,
704 3460 777 3532 quo
794 3433 877 3507 locis
894 3432 994 3520 sanis,
1021 3433 1182 3507 nondum
1200 3433 1396 3520 intellectis,

376 3551 562 3630 molentum
585 3551 779 3628 remedium
805 3550 1049 3628 adhibuissem.
1100 3555 1168 3628 ¹Sed
1186 3556 1261 3629 haec
1276 3555 1322 3628 ad
1339 3553 1395 3627 su·

375 3680 451 3744 turae
467 3670 594 3744 dotem
611 3664 785 3742 Editionis
801 3665 1017 3767 spestabant.
1068 3666 1170 3741 Alius
1194 3682 1268 3740 erat
1293 3669 1397 3764 longe

374 3782 582 3880 prestantior
605 3781 735 3882 ingenii
758 3780 937 3882 animique
961 3780 1120 3857 fruetus:
1148 3797 1190 3856 ut
1213 3806 1297 3856 cum
1317 3807 1395 3879 per·

374 3896 546 3998 spiciendis
569 3898 856 3998 philosophorum
881 3899 1063 3998 praeceptis
1090 3901 1135 3973 ad
1163 3924 1279 3973 rerum
1305 3898 1394 3974 divi·

372 4039 487 4092 narum
511 4018 818 4111 humanarumque
845 4013 1110 4114 intelligentiam
1136 4013 1294 4089 nonnihil
1312 4040 1393 4111 pro·

371 4126 484 4221 secisse,
512 4147 595 4206 tum
618 4129 787 4227 sapienter
814 4129 957 4203 monitis
981 4145 1015 4204 et
1038 4129 1219 4225 praeceptis
1244 4131 1289 4202 ad
1314 4153 1395 4203 vera

372 4243 511 4345 falsaque
542 4247 638 4320 bona
664 4244 897 4343 dignoscenda
925 4258 959 4316 et
987 4245 1079 4316 reste
1105 4242 1318 4330 aestimanda,
1347 4246 1393 4317 ad

371 4361 605 4464 praejudicatas
630 4358 812 4458 opiniones
842 4375 877 4432 et
904 4383 1009 4432 vanas
1035 4358 1131 4458 vulgi
1158 4358 1276 4432 laudes
1309 4384 1391 4431 con·

371 4481 581 4568 renuendas,
607 4478 787 4577 aliquanto
813 4475 924 4575 magis
942 4474 1128 4574 instruetus
1148 4492 1182 4553 et
1204 4477 1390 4553 confirma-

849 4594 918 4691 bt
