3642 5492
500 661 550 726 xx
783 642 1242 730 PRAEFATIO.

548 827 673 924 Quum
687 827 732 902 ad
748 828 904 906 libellum
918 835 958 906 de
967 837 1047 908 Sera
1058 837 1207 910 Numinis
1219 838 1369 910 torinna
1384 839 1529 914 accede·

499 966 586 1028 rem,
605 965 720 1016 recem
736 969 829 1020 eram
844 972 865 1020 a
882 946 1083 1045 principum
1101 952 1302 1027 Annorum
1319 953 1537 1032 Graecorum

499 1055 660 1143 lectione,
683 1074 724 1134 ut
745 1086 790 1134 ex
816 1059 856 1136 iis
880 1064 979 1159 quod
999 1065 1045 1138 ad
1067 1089 1141 1138 rem
1160 1065 1365 1162 praesentem
1387 1091 1530 1146 accom-

499 1172 687 1247 modatum
703 1177 798 1262 effet,
817 1175 916 1252 facile
934 1177 1020 1252 mihi
1035 1178 1215 1275 subjiceret
1235 1182 1412 1256 memoria.
1465 1182 1531 1258 Li·

499 1287 622 1371 bellus,
640 1303 766 1385 utpote
783 1316 925 1387 parvus,
942 1291 1125 1390 aliquoties
1140 1295 1265 1383 tenus,
1282 1295 1333 1370 ita
1348 1296 1530 1374 memoria:

499 1402 715 1491 tradebatur,
732 1421 774 1478 ut
787 1431 870 1482 eum
887 1410 983 1504 quasi
1001 1406 1038 1482 in
1054 1423 1238 1484 numerato
1253 1411 1432 1488 haberem.
1468 1414 1534 1488 Ab

499 1517 568 1591 hoc
584 1515 670 1591 item
687 1543 814 1606 recens,
839 1522 885 1600 ad
904 1521 988 1596 alios
1010 1524 1174 1622 legendos
1197 1525 1370 1600 Auctoree
1387 1551 1531 1626 progre-

498 1631 608 1719 diens,
634 1659 693 1707 eos
710 1634 819 1734 magis
835 1619 1083 1733 percurrebam
1098 1663 1207 1738 quam
1223 1641 1395 1737 legebam,
1411 1657 1456 1716 ut
1473 1658 1530 1718 te-

500 1774 583 1821 men
605 1751 821 1826 attenderem
845 1753 944 1850 quod
962 1754 1007 1826 ad
1029 1755 1125 1828 hunc
1149 1753 1307 1829 libellum
1328 1753 1533 1852 pertineret.

499 1865 619 1940 Locos
642 1889 661 1936 e
682 1865 849 1940 doctrinis
868 1866 998 1964 petitos
1020 1867 1098 1943 satis
1120 1870 1294 1944 habebam
1316 1868 1474 1944 universe
1495 1887 1532 1946 et

501 1978 616 2053 obiter
632 1980 842 2078 cognoviffe,
864 2007 938 2055 non
951 1985 1096 2056 vacabat
1112 2009 1236 2058 eorum
1251 1983 1323 2057 vim
1341 2009 1387 2058 ex
1401 1982 1534 2062 intelli·

489 2095 620 2193 -gentia
636 2111 671 2170 et
689 2094 820 2172 ratione
838 2096 948 2170 totius
965 2096 1132 2170 doctrine
1150 2096 1347 2194 percepisse.

552 2216 603 2284 At
628 2210 665 2284 in
692 2210 810 2310 magni
841 2211 953 2308 open's
980 2211 1123 2310 negotio
1147 2213 1197 2288 nil
1220 2212 1328 2288 sunile
1353 2212 1452 2288 iltius
1473 2215 1532 2290 vel

502 2325 676 2400 fircilitatis
703 2328 757 2398 vel
779 2325 944 2413 levitatis,
971 2325 1091 2400 omnia
1111 2327 1178 2400 alia
1203 2343 1239 2400 et
1264 2327 1397 2402 diversa
1416 2321 1532 2404 erant.

503 2439 607 2536 Coepi
627 2439 797 2514 honores
813 2467 897 2514 cum
916 2441 1077 2516 nondum
1092 2443 1200 2516 rectos
1220 2443 1347 2540 legere,
1371 2458 1453 2528 tum
1470 2469 1534 2518 an·

479 2551 560 2628 'tea
576 2556 685 2628 ledor
700 2555 858 2654 relegere,
877 2580 941 2629 nec
964 2556 1073 2653 magis
1096 2557 1290 2644 Plutarchi,
1314 2583 1425 2657 quarn
1440 2557 1534 2658 ipso·

502 2696 584 2744 rum
606 2670 743 2744 cauffa:
771 2696 844 2743 non
862 2674 1000 2756 cursun,
1025 2671 1083 2744 sed
1106 2671 1347 2767 pedetentim:
1372 2672 1463 2770 saepe
1477 2670 1535 2748 in·

502 2784 631 2872 sistens,
656 2787 750 2859 locos
774 2784 929 2860 difficiles
951 2784 1144 2872 excutiens,
1170 2785 1340 2882 plurimos
1354 2800 1536 2864 meamet

503 2902 541 2977 in
555 2899 742 2975 adversaria
758 2899 905 2974 referens
928 2901 1034 2974 etiam
1056 2899 1119 2998 qui
1143 2902 1188 2974 ad
1214 2902 1444 2976 Plutarchum
1460 2927 1536 2976 non

503 3016 730 3114 pertinerent.
778 3018 1011 3103 Athenaeum,
1037 3031 1080 3090 ut
1102 3017 1169 3089 hoc
1190 3030 1283 3102 utar,
1301 3030 1406 3114 antea
1426 3015 1535 3114 quin·

503 3131 620 3206 decim
642 3131 765 3206 diebus
788 3132 993 3227 perledlum,
1018 3156 1112 3204 nunc
1134 3131 1217 3204 οᾶο
1238 3131 1385 3207 demum
1404 3134 1534 3206 menli-

498 3251 572 3322 -bus
600 3245 742 3319 absolvi.
794 3244 1026 3341 Philosophiae
1052 3244 1269 3342 aliarumque
1292 3243 1543 3326 dottnnamm

401 3349 412 3370 ⁸
500 3363 575 3460 jam
594 3358 758 3435 nonsatis
783 3359 890 3433 hnbui
915 3358 1057 3454 disjecta
1080 3376 1115 3432 et
1140 3362 1235 3455 quali
1252 3359 1398 3457 dispersa
1413 3358 1537 3434 viditse

506 3478 688 3551 membra:
708 3474 756 3547 nil
774 3472 860 3547 mihi
879 3474 999 3546 adum
1015 3472 1209 3548 existimavi
1225 3473 1301 3561 nih,
1316 3473 1437 3572 quoad
1453 3472 1535 3572 qui·

507 3595 590 3666 dem
607 3590 680 3686 ejus
701 3614 722 3662 a
744 3615 800 3662 me
819 3587 896 3662 fieri
912 3589 1038 3684 poffet,
1061 3613 1182 3662 earum
1198 3587 1362 3674 formam,
1386 3612 1537 3678 nexum.

506 3727 543 3783 et
566 3708 661 3805 quasi
683 3728 830 3802 corpora
851 3700 995 3799 propius
1017 3701 1217 3798 spectarem,
1244 3701 1429 3802 originem,
1454 3727 1537 3800 pro·

507 3827 648 3922 grelsus,
678 3817 856 3894 historiam
882 3816 1034 3914 denique
1058 3817 1313 3916 cognoscerem.
1364 3814 1453 3892 Fuit
1478 3817 1538 3894 hic

509 3936 745 4033 complurium
762 3935 861 4007 labor
875 3957 1061 4019 annorum,
1087 3932 1187 4026 cujus
1208 3931 1364 4006 frustum
1381 3930 1538 4028 peculin-

509 4053 605 4126 ribus
634 4049 670 4122 in
696 4046 816 4122 scholis
841 4073 926 4122 cum
947 4045 1159 4121 discentibus
1184 4045 1445 4120 communicare
1463 4071 1539 4126 non

510 4163 683 4251 dubitavi,
716 4163 761 4235 ad
794 4162 973 4259 publicam
1006 4162 1123 4235 lucem
1155 4162 1272 4236 adhuc
1302 4161 1539 4240 immaturum

506 4278 685 4377 judicavi:
722 4290 835 4373 partes
862 4276 1009 4373 quidem
1035 4299 1118 4349 cum
1146 4294 1249 4350 antea
1275 4273 1428 4376 prodidi,
1456 4291 1549 4368 tum„

512 4397 573 4471 luo
589 4398 668 4468 loco
683 4391 832 4489 prodam
849 4389 886 4468 in
904 4387 1283 4466 Animadversionibus.

561 4505 644 4584 Alia
659 4502 830 4581 tarditatis
853 4501 954 4579 caue
976 4501 1044 4579 fuit
1068 4502 1106 4579 in
1129 4501 1373 4606 magnitudine
1389 4529 1540 4606 openun
