<?xml version="1.0" encoding="UTF-8"?>
<!DOCTYPE html PUBLIC "-//W3C//DTD XHTML 1.0 Transitional//EN"
    "http://www.w3.org/TR/xhtml1/DTD/xhtml1-transitional.dtd">
<html xmlns="http://www.w3.org/1999/xhtml" xml:lang="en" lang="en">
 <head>
  <title>
</title>
<meta http-equiv="Content-Type" content="text/html;charset=utf-8" />
  <meta name='ocr-system' content='tesseract 3.04.00' />
  <meta name='ocr-capabilities' content='ocr_page ocr_carea ocr_par ocr_line ocrx_word'/>
</head>
<body>
  <div class='ocr_page' id='page_1' title='image "./plutarchichaero10plutgoog_0088.png"; bbox 0 0 3642 5492; ppageno 0'>
   <div class='ocr_carea' id='block_1_1' title="bbox 510 601 1259 685">
    <p class='ocr_par' dir='ltr' id='par_1_1' title="bbox 510 601 1259 685">
     <span class='ocr_line' id='line_1_1' title="bbox 510 601 1259 685; baseline 0 -5"><span class='ocrx_word' id='word_1_1' title='bbox 510 606 634 681; x_wconf 83' lang='lat' dir='ltr'><strong>lxxxiv</strong></span> <span class='ocrx_word' id='word_1_2' title='bbox 728 601 1259 685; x_wconf 84' lang='lat' dir='ltr'><strong>·PRAEFATIO.</strong></span> 
     </span>
    </p>
   </div>
   <div class='ocr_carea' id='block_1_2' title="bbox 476 789 1555 4605">
    <p class='ocr_par' dir='ltr' id='par_1_2' title="bbox 476 789 1555 4605">
     <span class='ocr_line' id='line_1_2' title="bbox 510 789 1521 887; baseline -0.001 -22"><span class='ocrx_word' id='word_1_3' title='bbox 510 794 588 879; x_wconf 85' lang='lat' dir='ltr'><strong>else,</strong></span> <span class='ocrx_word' id='word_1_4' title='bbox 606 794 693 866; x_wconf 84' lang='lat' dir='ltr'><strong>adeo</strong></span> <span class='ocrx_word' id='word_1_5' title='bbox 716 792 765 866; x_wconf 90' lang='lat' dir='ltr'><strong>nil</strong></span> <span class='ocrx_word' id='word_1_6' title='bbox 781 792 933 866; x_wconf 84' lang='lat' dir='ltr'><strong>detrahit</strong></span> <span class='ocrx_word' id='word_1_7' title='bbox 951 791 1114 867; x_wconf 84' lang='lat' dir='ltr'>laudibus</span> <span class='ocrx_word' id='word_1_8' title='bbox 1132 790 1272 866; x_wconf 84' lang='lat' dir='ltr'><strong>Aldinae</strong></span> <span class='ocrx_word' id='word_1_9' title='bbox 1289 804 1331 866; x_wconf 85' lang='lat' dir='ltr'><strong>ut</strong></span> <span class='ocrx_word' id='word_1_10' title='bbox 1350 791 1422 887; x_wconf 88' lang='lat' dir='ltr'><strong>ejus</strong></span> <span class='ocrx_word' id='word_1_11' title='bbox 1437 789 1521 865; x_wconf 82' lang='lat' dir='ltr'><strong>etiarn</strong></span> 
     </span>
     <span class='ocr_line' id='line_1_3' title="bbox 510 908 1524 1008; baseline 0.002 -30"><span class='ocrx_word' id='word_1_12' title='bbox 510 908 757 981; x_wconf 73' lang='lat' dir='ltr'><strong>auctoritatem</strong></span> <span class='ocrx_word' id='word_1_13' title='bbox 774 922 809 980; x_wconf 88' lang='lat' dir='ltr'><strong>et</strong></span> <span class='ocrx_word' id='word_1_14' title='bbox 828 909 937 982; x_wconf 89' lang='lat' dir='ltr'><strong>fidem</strong></span> <span class='ocrx_word' id='word_1_15' title='bbox 959 934 1170 1008; x_wconf 84' lang='lat' dir='ltr'><strong>magnopere</strong></span> <span class='ocrx_word' id='word_1_16' title='bbox 1187 921 1327 1007; x_wconf 86' lang='lat' dir='ltr'><strong>augeat.</strong></span> <span class='ocrx_word' id='word_1_17' title='bbox 1380 910 1524 982; x_wconf 86' lang='lat' dir='ltr'><strong>Alterum</strong></span> 
     </span>
     <span class='ocr_line' id='line_1_4' title="bbox 509 1023 1526 1124; baseline 0.001 -28"><span class='ocrx_word' id='word_1_18' title='bbox 509 1049 620 1122; x_wconf 89' lang='lat' dir='ltr'><strong>genus</strong></span> <span class='ocrx_word' id='word_1_19' title='bbox 647 1026 857 1098; x_wconf 87' lang='lat' dir='ltr'><strong>mendorum</strong></span> <span class='ocrx_word' id='word_1_20' title='bbox 887 1025 937 1097; x_wconf 91' lang='lat' dir='ltr'><strong>est</strong></span> <span class='ocrx_word' id='word_1_21' title='bbox 963 1050 1085 1099; x_wconf 86' lang='lat' dir='ltr'><strong>eorum</strong></span> <span class='ocrx_word' id='word_1_22' title='bbox 1112 1051 1193 1123; x_wconf 86' lang='lat' dir='ltr'><strong>quae</strong></span> <span class='ocrx_word' id='word_1_23' title='bbox 1218 1049 1240 1098; x_wconf 93' lang='lat' dir='ltr'><strong>a</strong></span> <span class='ocrx_word' id='word_1_24' title='bbox 1262 1023 1526 1124; x_wconf 63' lang='lat' dir='ltr'><strong>typographio</strong></span> 
     </span>
     <span class='ocr_line' id='line_1_5' title="bbox 510 1135 1528 1239; baseline 0.003 -28"><span class='ocrx_word' id='word_1_25' title='bbox 510 1138 631 1235; x_wconf 87' lang='lat' dir='ltr'><strong>primis</strong></span> <span class='ocrx_word' id='word_1_26' title='bbox 648 1141 862 1228; x_wconf 73' lang='lat' dir='ltr'><strong>cor-reetoris,</strong></span> <span class='ocrx_word' id='word_1_27' title='bbox 889 1139 1103 1239; x_wconf 84' lang='lat' dir='ltr'><strong>negligentia</strong></span> <span class='ocrx_word' id='word_1_28' title='bbox 1128 1135 1421 1237; x_wconf 86' lang='lat' dir='ltr'><strong>proficiscuntur:</strong></span> <span class='ocrx_word' id='word_1_29' title='bbox 1448 1136 1528 1237; x_wconf 88' lang='lat' dir='ltr'><strong>quod</strong></span> 
     </span>
     <span class='ocr_line' id='line_1_6' title="bbox 510 1253 1531 1359; baseline 0 -31"><span class='ocrx_word' id='word_1_30' title='bbox 510 1283 621 1355; x_wconf 84' lang='lat' dir='ltr'><strong>genus</strong></span> <span class='ocrx_word' id='word_1_31' title='bbox 646 1258 682 1331; x_wconf 92' lang='lat' dir='ltr'><strong>in</strong></span> <span class='ocrx_word' id='word_1_32' title='bbox 709 1258 839 1332; x_wconf 84' lang='lat' dir='ltr'><strong>Aldina</strong></span> <span class='ocrx_word' id='word_1_33' title='bbox 863 1261 967 1358; x_wconf 88' lang='lat' dir='ltr'><strong>longe</strong></span> <span class='ocrx_word' id='word_1_34' title='bbox 992 1258 1311 1359; x_wconf 84' lang='lat' dir='ltr'><strong>frequentiffimum</strong></span> <span class='ocrx_word' id='word_1_35' title='bbox 1333 1258 1399 1331; x_wconf 84' lang='lat' dir='ltr'><strong>effe</strong></span> <span class='ocrx_word' id='word_1_36' title='bbox 1418 1283 1460 1330; x_wconf 84' lang='lat' dir='ltr'><strong>ne</strong></span> <span class='ocrx_word' id='word_1_37' title='bbox 1477 1253 1531 1354; x_wconf 84' lang='lat' dir='ltr'><strong>iple</strong></span> 
     </span>
     <span class='ocr_line' id='line_1_7' title="bbox 511 1373 1531 1473; baseline 0 -26"><span class='ocrx_word' id='word_1_38' title='bbox 511 1376 658 1471; x_wconf 79' lang='lat' dir='ltr'><strong>quidem</strong></span> <span class='ocrx_word' id='word_1_39' title='bbox 685 1375 894 1451; x_wconf 86' lang='lat' dir='ltr'><strong>diffimulare</strong></span> <span class='ocrx_word' id='word_1_40' title='bbox 924 1376 1044 1473; x_wconf 88' lang='lat' dir='ltr'><strong>potuit</strong></span> <span class='ocrx_word' id='word_1_41' title='bbox 1080 1377 1329 1450; x_wconf 62' lang='lat' dir='ltr'><strong>Donamus</strong></span> <span class='ocrx_word' id='word_1_42' title='bbox 1358 1373 1531 1458; x_wconf 70' lang='lat' dir='ltr'><strong>corredoi,</strong></span> 
     </span>
     <span class='ocr_line' id='line_1_8' title="bbox 511 1491 1535 1592; baseline 0.001 -29"><span class='ocrx_word' id='word_1_43' title='bbox 511 1491 644 1589; x_wconf 88' lang='lat' dir='ltr'><strong>quippe</strong></span> <span class='ocrx_word' id='word_1_44' title='bbox 661 1492 797 1566; x_wconf 86' lang='lat' dir='ltr'><strong>futuros</strong></span> <span class='ocrx_word' id='word_1_45' title='bbox 816 1493 1072 1589; x_wconf 83' lang='lat' dir='ltr'><strong>reprehensores</strong></span> <span class='ocrx_word' id='word_1_46' title='bbox 1097 1519 1270 1591; x_wconf 87' lang='lat' dir='ltr'><strong>occupare</strong></span> <span class='ocrx_word' id='word_1_47' title='bbox 1287 1508 1397 1592; x_wconf 87' lang='lat' dir='ltr'><strong>atque</strong></span> <span class='ocrx_word' id='word_1_48' title='bbox 1419 1493 1535 1566; x_wconf 80' lang='lat' dir='ltr'><strong>elevare</strong></span> 
     </span>
     <span class='ocr_line' id='line_1_9' title="bbox 511 1603 1536 1705; baseline 0.001 -29"><span class='ocrx_word' id='word_1_49' title='bbox 511 1603 665 1679; x_wconf 87' lang='lat' dir='ltr'><strong>studens.</strong></span> <span class='ocrx_word' id='word_1_50' title='bbox 709 1606 834 1702; x_wconf 84' lang='lat' dir='ltr'><strong>Operae</strong></span> <span class='ocrx_word' id='word_1_51' title='bbox 853 1606 1008 1702; x_wconf 87' lang='lat' dir='ltr'><strong>pretium</strong></span> <span class='ocrx_word' id='word_1_52' title='bbox 1027 1607 1077 1680; x_wconf 87' lang='lat' dir='ltr'><strong>est</strong></span> <span class='ocrx_word' id='word_1_53' title='bbox 1093 1606 1300 1705; x_wconf 87' lang='lat' dir='ltr'><strong>cognoscere</strong></span> <span class='ocrx_word' id='word_1_54' title='bbox 1311 1604 1536 1701; x_wconf 81' lang='lat' dir='ltr'><strong>judiciumde</strong></span> 
     </span>
     <span class='ocr_line' id='line_1_10' title="bbox 512 1717 1537 1821; baseline 0 -27"><span class='ocrx_word' id='word_1_55' title='bbox 512 1723 750 1808; x_wconf 72' lang='lat' dir='ltr'><strong>Denuntio,</strong></span> <span class='ocrx_word' id='word_1_56' title='bbox 775 1725 983 1817; x_wconf 81' lang='lat' dir='ltr'><strong>Joxcnnur</strong></span> <span class='ocrx_word' id='word_1_57' title='bbox 1011 1727 1273 1812; x_wconf 77' lang='lat' dir='ltr'><strong>Cnmnnxnu,</strong></span> <span class='ocrx_word' id='word_1_58' title='bbox 1301 1721 1486 1821; x_wconf 89' lang='lat' dir='ltr'><strong>proditum</strong></span> <span class='ocrx_word' id='word_1_59' title='bbox 1509 1717 1537 1794; x_wconf 83' lang='lat' dir='ltr'><strong>‘n</strong></span> 
     </span>
     <span class='ocr_line' id='line_1_11' title="bbox 511 1837 1545 1938; baseline -0.002 -28"><span class='ocrx_word' id='word_1_60' title='bbox 511 1837 714 1933; x_wconf 76' lang='lat' dir='ltr'><strong>praefatione</strong></span> <span class='ocrx_word' id='word_1_61' title='bbox 740 1840 785 1910; x_wconf 84' lang='lat' dir='ltr'><strong>ad</strong></span> <span class='ocrx_word' id='word_1_62' title='bbox 813 1837 944 1913; x_wconf 89' lang='lat' dir='ltr'><strong>librum</strong></span> <span class='ocrx_word' id='word_1_63' title='bbox 968 1838 1148 1913; x_wconf 83' lang='lat' dir='ltr'><strong>Plutarchi</strong></span> <span class='ocrx_word' id='word_1_64' title='bbox 1178 1842 1219 1912; x_wconf 92' lang='lat' dir='ltr'><strong>de</strong></span> <span class='ocrx_word' id='word_1_65' title='bbox 1242 1844 1451 1914; x_wconf 85' lang='lat' dir='ltr'><strong>Oracnlorum</strong></span> <span class='ocrx_word' id='word_1_66' title='bbox 1474 1837 1545 1938; x_wconf 46' lang='lat' dir='ltr'><strong>Des</strong></span> 
     </span>
     <span class='ocr_line' id='line_1_12' title="bbox 476 1952 1538 2064; baseline -0.006 -38"><span class='ocrx_word' id='word_1_67' title='bbox 476 2049 482 2064; x_wconf 22' lang='grc' dir='ltr'><strong><em>μ</em></strong></span> <span class='ocrx_word' id='word_1_68' title='bbox 500 1956 620 2049; x_wconf 55' lang='lat' dir='ltr'><strong>sectam</strong></span> <span class='ocrx_word' id='word_1_69' title='bbox 647 1980 756 2052; x_wconf 84' lang='lat' dir='ltr'><strong>quem</strong></span> <span class='ocrx_word' id='word_1_70' title='bbox 773 1956 894 2030; x_wconf 86' lang='lat' dir='ltr'><strong>locum</strong></span> <span class='ocrx_word' id='word_1_71' title='bbox 921 1952 1076 2052; x_wconf 90' lang='lat' dir='ltr'><strong>prodidit</strong></span> <span class='ocrx_word' id='word_1_72' title='bbox 1101 1953 1209 2028; x_wconf 85' lang='lat' dir='ltr'><strong>etiam</strong></span> <span class='ocrx_word' id='word_1_73' title='bbox 1235 1956 1538 2028; x_wconf 75' lang='lat' dir='ltr'><strong>Sennrnonxrrn</strong></span> 
     </span>
     <span class='ocr_line' id='line_1_13' title="bbox 512 2068 1538 2169; baseline -0.002 -25"><span class='ocrx_word' id='word_1_74' title='bbox 512 2071 779 2148; x_wconf 84' lang='lat' dir='ltr'><strong>Anroenitaturn</strong></span> <span class='ocrx_word' id='word_1_75' title='bbox 805 2072 1055 2148; x_wconf 84' lang='lat' dir='ltr'><strong>Literariarunr</strong></span> <span class='ocrx_word' id='word_1_76' title='bbox 1082 2088 1109 2146; x_wconf 87' lang='lat' dir='ltr'><strong>t.</strong></span> <span class='ocrx_word' id='word_1_77' title='bbox 1129 2070 1166 2146; x_wconf 90' lang='lat' dir='ltr'><strong>ii.</strong></span> <span class='ocrx_word' id='word_1_78' title='bbox 1192 2096 1230 2168; x_wconf 92' lang='lat' dir='ltr'><strong>p.</strong></span> <span class='ocrx_word' id='word_1_79' title='bbox 1246 2097 1345 2169; x_wconf 80' lang='lat'><strong>339:</strong></span> <span class='ocrx_word' id='word_1_80' title='bbox 1377 2068 1538 2150; x_wconf 84' lang='lat' dir='ltr'><strong>Recordot,</strong></span> 
     </span>
     <span class='ocr_line' id='line_1_14' title="bbox 512 2185 1537 2291; baseline -0.004 -31"><span class='ocrx_word' id='word_1_81' title='bbox 512 2186 642 2286; x_wconf 90' lang='lat' dir='ltr'><strong>inquit,</strong></span> <span class='ocrx_word' id='word_1_82' title='bbox 676 2218 739 2264; x_wconf 90' lang='lat' dir='ltr'><strong>me·</strong></span> <span class='ocrx_word' id='word_1_83' title='bbox 753 2194 880 2288; x_wconf 58' lang='lat' dir='ltr'><strong>audiun</strong></span> <span class='ocrx_word' id='word_1_84' title='bbox 910 2219 949 2264; x_wconf 82' lang='lat' dir='ltr'><strong>ex</strong></span> <span class='ocrx_word' id='word_1_85' title='bbox 977 2193 1121 2291; x_wconf 75' lang='lat' dir='ltr'><strong>magistro</strong></span> <span class='ocrx_word' id='word_1_86' title='bbox 1147 2215 1226 2274; x_wconf 80' lang='lat' dir='ltr'><strong>ntea,</strong></span> <span class='ocrx_word' id='word_1_87' title='bbox 1259 2186 1427 2260; x_wconf 80' lang='lat' dir='ltr'><strong>Richardo</strong></span> <span class='ocrx_word' id='word_1_88' title='bbox 1456 2185 1537 2258; x_wconf 70' lang='lat' dir='ltr'><strong>cria</strong></span> 
     </span>
     <span class='ocr_line' id='line_1_15' title="bbox 512 2299 1537 2406; baseline -0.004 -30"><span class='ocrx_word' id='word_1_89' title='bbox 512 2307 679 2390; x_wconf 84' lang='lat' dir='ltr'><strong>Britanno,</strong></span> <span class='ocrx_word' id='word_1_90' title='bbox 709 2310 762 2404; x_wconf 86' lang='lat' dir='ltr'><strong>qui</strong></span> <span class='ocrx_word' id='word_1_91' title='bbox 788 2308 931 2406; x_wconf 75' lang='lat' dir='ltr'><strong>quosdam</strong></span> <span class='ocrx_word' id='word_1_92' title='bbox 955 2308 1076 2378; x_wconf 86' lang='lat' dir='ltr'><strong>libellos</strong></span> <span class='ocrx_word' id='word_1_93' title='bbox 1100 2303 1273 2379; x_wconf 81' lang='lat' dir='ltr'><strong>Plutarchi</strong></span> <span class='ocrx_word' id='word_1_94' title='bbox 1292 2299 1537 2400; x_wconf 60' lang='lat' dir='ltr'><strong>explicarent}</strong></span> 
     </span>
     <span class='ocr_line' id='line_1_16' title="bbox 507 2417 1536 2519; baseline 0 -30"><span class='ocrx_word' id='word_1_95' title='bbox 507 2424 616 2514; x_wconf 74' lang='lat' dir='ltr'><strong>prieris</strong></span> <span class='ocrx_word' id='word_1_96' title='bbox 631 2421 767 2517; x_wconf 82' lang='lat' dir='ltr'><strong>solebat,</strong></span> <span class='ocrx_word' id='word_1_97' title='bbox 785 2423 918 2493; x_wconf 88' lang='lat' dir='ltr'><strong>editioni</strong></span> <span class='ocrx_word' id='word_1_98' title='bbox 934 2426 986 2494; x_wconf 91' lang='lat' dir='ltr'><strong>illi</strong></span> <span class='ocrx_word' id='word_1_99' title='bbox 991 2422 1181 2519; x_wconf 81' lang='lat' dir='ltr'><strong>scriptorum</strong></span> <span class='ocrx_word' id='word_1_100' title='bbox 1201 2417 1374 2492; x_wconf 82' lang='lat' dir='ltr'><strong>Plutarchi</strong></span> <span class='ocrx_word' id='word_1_101' title='bbox 1386 2422 1420 2492; x_wconf 86' lang='lat' dir='ltr'><strong>in</strong></span> <span class='ocrx_word' id='word_1_102' title='bbox 1434 2417 1536 2510; x_wconf 63' lang='lat' dir='ltr'><strong>offitia</strong></span> 
     </span>
     <span class='ocr_line' id='line_1_17' title="bbox 512 2534 1534 2635; baseline -0.001 -29"><span class='ocrx_word' id='word_1_103' title='bbox 512 2534 710 2607; x_wconf 78' lang='lat' dir='ltr'><strong>Marrratiana</strong></span> <span class='ocrx_word' id='word_1_104' title='bbox 731 2538 918 2630; x_wconf 66' lang='lat' dir='ltr'><strong>prasinam</strong></span> <span class='ocrx_word' id='word_1_105' title='bbox 945 2538 1118 2635; x_wconf 75' lang='lat' dir='ltr'><strong>Cretensem</strong></span> <span class='ocrx_word' id='word_1_106' title='bbox 1146 2537 1309 2634; x_wconf 82' lang='lat' dir='ltr'><strong>quemdam</strong></span> <span class='ocrx_word' id='word_1_107' title='bbox 1334 2535 1534 2615; x_wconf 76' lang='lat' dir='ltr'><strong>Demetrium,</strong></span> 
     </span>
     <span class='ocr_line' id='line_1_18' title="bbox 513 2647 1534 2749; baseline 0.001 -28"><span class='ocrx_word' id='word_1_108' title='bbox 513 2654 567 2748; x_wconf 88' lang='lat' dir='ltr'><strong>qai</strong></span> <span class='ocrx_word' id='word_1_109' title='bbox 579 2651 719 2736; x_wconf 75' lang='lat' dir='ltr'><strong>videret,</strong></span> <span class='ocrx_word' id='word_1_110' title='bbox 745 2669 780 2722; x_wconf 90' lang='lat' dir='ltr'><strong>nt</strong></span> <span class='ocrx_word' id='word_1_111' title='bbox 795 2655 851 2722; x_wconf 90' lang='lat' dir='ltr'><strong>illa</strong></span> <span class='ocrx_word' id='word_1_112' title='bbox 869 2651 910 2722; x_wconf 82' lang='lat' dir='ltr'><strong>ab</strong></span> <span class='ocrx_word' id='word_1_113' title='bbox 929 2656 1028 2747; x_wconf 76' lang='lat' dir='ltr'><strong>operis</strong></span> <span class='ocrx_word' id='word_1_114' title='bbox 1047 2654 1215 2749; x_wconf 81' lang='lat' dir='ltr'><strong>diligenter·</strong></span> <span class='ocrx_word' id='word_1_115' title='bbox 1238 2668 1268 2722; x_wconf 91' lang='lat' dir='ltr'><strong>et</strong></span> <span class='ocrx_word' id='word_1_116' title='bbox 1284 2667 1434 2723; x_wconf 88' lang='lat' dir='ltr'><strong>accurate</strong></span> <span class='ocrx_word' id='word_1_117' title='bbox 1446 2647 1534 2744; x_wconf 74' lang='lat' dir='ltr'><strong>erepti·</strong></span> 
     </span>
     <span class='ocr_line' id='line_1_19' title="bbox 512 2768 1532 2866; baseline -0.003 -29"><span class='ocrx_word' id='word_1_118' title='bbox 512 2785 695 2841; x_wconf 78' lang='lat' dir='ltr'><strong>merentur:</strong></span> <span class='ocrx_word' id='word_1_119' title='bbox 721 2793 788 2840; x_wconf 91' lang='lat' dir='ltr'><strong>eum</strong></span> <span class='ocrx_word' id='word_1_120' title='bbox 803 2772 912 2866; x_wconf 62' lang='lat' dir='ltr'><strong>igitur,</strong></span> <span class='ocrx_word' id='word_1_121' title='bbox 939 2769 1051 2840; x_wconf 87' lang='lat' dir='ltr'><strong>andire</strong></span> <span class='ocrx_word' id='word_1_122' title='bbox 1067 2770 1193 2839; x_wconf 80' lang='lat' dir='ltr'><strong>utemini</strong></span> <span class='ocrx_word' id='word_1_123' title='bbox 1212 2768 1343 2839; x_wconf 82' lang='lat' dir='ltr'><strong>Crocum</strong></span> <span class='ocrx_word' id='word_1_124' title='bbox 1359 2779 1532 2844; x_wconf 71' lang='lat' dir='ltr'><strong>clamantem,</strong></span> 
     </span>
     <span class='ocr_line' id='line_1_20' title="bbox 511 2875 1531 2980; baseline -0.005 -29"><span class='ocrx_word' id='word_1_125' title='bbox 511 2885 648 2952; x_wconf 76' lang='lat' dir='ltr'><strong>maxima</strong></span> <span class='ocrx_word' id='word_1_126' title='bbox 673 2908 740 2952; x_wconf 81' lang='lat' dir='ltr'><strong>cirin</strong></span> <span class='ocrx_word' id='word_1_127' title='bbox 767 2887 956 2980; x_wconf 76' lang='lat' dir='ltr'><strong>negligentia</strong></span> <span class='ocrx_word' id='word_1_128' title='bbox 981 2881 1075 2980; x_wconf 78' lang='lat' dir='ltr'><strong>atqice</strong></span> <span class='ocrx_word' id='word_1_129' title='bbox 1097 2883 1216 2952; x_wconf 84' lang='lat' dir='ltr'><strong>incuria</strong></span> <span class='ocrx_word' id='word_1_130' title='bbox 1240 2880 1440 2974; x_wconf 76' lang='lat' dir='ltr'><strong>propiitciam</strong></span> <span class='ocrx_word' id='word_1_131' title='bbox 1462 2875 1531 2968; x_wconf 69' lang='lat' dir='ltr'><strong>ileu</strong></span> 
     </span>
     <span class='ocr_line' id='line_1_21' title="bbox 506 2981 1534 3095; baseline -0.007 -28"><span class='ocrx_word' id='word_1_132' title='bbox 506 2997 618 3093; x_wconf 63' lang='lat' dir='ltr'><strong>gt&#39;sliſje</strong></span> <span class='ocrx_word' id='word_1_133' title='bbox 634 2998 783 3069; x_wconf 72' lang='lat' dir='ltr'><strong>honitatem</strong></span> <span class='ocrx_word' id='word_1_134' title='bbox 798 3024 893 3095; x_wconf 60' lang='lat' dir='ltr'><strong>iterque</strong></span> <span class='ocrx_word' id='word_1_135' title='bbox 917 2987 1099 3095; x_wconf 82' lang='lat' dir='ltr'><strong>laboriosiori</strong></span> <span class='ocrx_word' id='word_1_136' title='bbox 1120 3013 1151 3066; x_wconf 91' lang='lat' dir='ltr'><strong>et</strong></span> <span class='ocrx_word' id='word_1_137' title='bbox 1172 2991 1386 3090; x_wconf 81' lang='lat' dir='ltr'><strong>leviusculum.</strong></span> <span class='ocrx_word' id='word_1_138' title='bbox 1438 2981 1534 3064; x_wconf 81' lang='lat' dir='ltr'><strong>Adid</strong></span> 
     </span>
     <span class='ocr_line' id='line_1_22' title="bbox 512 3106 1532 3212; baseline -0.006 -30"><span class='ocrx_word' id='word_1_139' title='bbox 512 3130 590 3198; x_wconf 91' lang='lat' dir='ltr'><strong>tnm,</strong></span> <span class='ocrx_word' id='word_1_140' title='bbox 616 3129 651 3183; x_wconf 90' lang='lat' dir='ltr'><strong>nt</strong></span> <span class='ocrx_word' id='word_1_141' title='bbox 663 3133 756 3208; x_wconf 78' lang='lat' dir='ltr'><strong>puer,</strong></span> <span class='ocrx_word' id='word_1_142' title='bbox 786 3113 904 3212; x_wconf 80' lang='lat' dir='ltr'><strong>(arctius</strong></span> <span class='ocrx_word' id='word_1_143' title='bbox 922 3116 1000 3184; x_wconf 88' lang='lat' dir='ltr'><strong>enim</strong></span> <span class='ocrx_word' id='word_1_144' title='bbox 1018 3106 1149 3183; x_wconf 70' lang='lat' dir='ltr'><strong>a&#39;Croci</strong></span> <span class='ocrx_word' id='word_1_145' title='bbox 1172 3110 1335 3209; x_wconf 67' lang='lat' dir='ltr'><strong>amputa</strong></span> <span class='ocrx_word' id='word_1_146' title='bbox 1359 3109 1461 3181; x_wconf 84' lang='lat' dir='ltr'><strong>aetatir</strong></span> <span class='ocrx_word' id='word_1_147' title='bbox 1475 3125 1532 3176; x_wconf 81' lang='lat' dir='ltr'><strong>rm</strong></span> 
     </span>
     <span class='ocr_line' id='line_1_23' title="bbox 512 3228 1530 3331; baseline -0.004 -29"><span class='ocrx_word' id='word_1_148' title='bbox 512 3236 618 3328; x_wconf 59' lang='lat' dir='ltr'><strong>arsitia</strong></span> <span class='ocrx_word' id='word_1_149' title='bbox 635 3233 884 3331; x_wconf 76' lang='lat' dir='ltr'><strong>qnadragrfimus</strong></span> <span class='ocrx_word' id='word_1_150' title='bbox 902 3228 1055 3327; x_wconf 68' lang='lat' dir='ltr'><strong>olianus)</strong></span> <span class='ocrx_word' id='word_1_151' title='bbox 1085 3256 1143 3300; x_wconf 92' lang='lat' dir='ltr'><strong>non</strong></span> <span class='ocrx_word' id='word_1_152' title='bbox 1163 3228 1334 3300; x_wconf 83' lang='lat' dir='ltr'><strong>admodum</strong></span> <span class='ocrx_word' id='word_1_153' title='bbox 1349 3230 1482 3300; x_wconf 72' lang='lat' dir='ltr'><strong>antimum</strong></span> <span class='ocrx_word' id='word_1_154' title='bbox 1493 3242 1530 3292; x_wconf 82' lang='lat' dir='ltr'><strong>tt·</strong></span> 
     </span>
     <span class='ocr_line' id='line_1_24' title="bbox 512 3349 1531 3450; baseline -0.006 -28"><span class='ocrx_word' id='word_1_155' title='bbox 512 3355 642 3435; x_wconf 75' lang='lat' dir='ltr'><strong>vocavi,</strong></span> <span class='ocrx_word' id='word_1_156' title='bbox 668 3368 701 3421; x_wconf 93' lang='lat' dir='ltr'><strong>nt</strong></span> <span class='ocrx_word' id='word_1_157' title='bbox 720 3355 886 3448; x_wconf 84' lang='lat' dir='ltr'><strong>cogitarem</strong></span> <span class='ocrx_word' id='word_1_158' title='bbox 909 3357 1000 3450; x_wconf 87' lang='lat' dir='ltr'><strong>quale</strong></span> <span class='ocrx_word' id='word_1_159' title='bbox 1018 3352 1111 3448; x_wconf 72' lang='lat' dir='ltr'><strong>estet:</strong></span> <span class='ocrx_word' id='word_1_160' title='bbox 1127 3349 1193 3447; x_wconf 87' lang='lat' dir='ltr'><strong>sed</strong></span> <span class='ocrx_word' id='word_1_161' title='bbox 1210 3349 1315 3445; x_wconf 72' lang='lat' dir='ltr'><strong>postea</strong></span> <span class='ocrx_word' id='word_1_162' title='bbox 1335 3350 1427 3418; x_wconf 85' lang='lat' dir='ltr'><strong>nimis</strong></span> <span class='ocrx_word' id='word_1_163' title='bbox 1441 3357 1531 3417; x_wconf 73' lang='lat' dir='ltr'><strong>um</strong></span> 
     </span>
     <span class='ocr_line' id='line_1_25' title="bbox 512 3461 1532 3564; baseline -0.005 -31"><span class='ocrx_word' id='word_1_164' title='bbox 512 3467 567 3561; x_wconf 71' lang='lat' dir='ltr'><strong>effi</strong></span> <span class='ocrx_word' id='word_1_165' title='bbox 592 3489 659 3534; x_wconf 90' lang='lat' dir='ltr'><strong>cnm</strong></span> <span class='ocrx_word' id='word_1_166' title='bbox 686 3464 898 3561; x_wconf 82' lang='lat' dir='ltr'><strong>indignatione</strong></span> <span class='ocrx_word' id='word_1_167' title='bbox 924 3470 1026 3563; x_wconf 78' lang='lat' dir='ltr'><strong>legens</strong></span> <span class='ocrx_word' id='word_1_168' title='bbox 1043 3464 1167 3564; x_wconf 70' lang='lat' dir='ltr'><strong>scripta</strong></span> <span class='ocrx_word' id='word_1_169' title='bbox 1190 3466 1247 3533; x_wconf 90' lang='lat' dir='ltr'><strong>illa</strong></span> <span class='ocrx_word' id='word_1_170' title='bbox 1270 3461 1407 3555; x_wconf 85' lang='lat' dir='ltr'><strong>comperi</strong></span> <span class='ocrx_word' id='word_1_171' title='bbox 1417 3484 1430 3530; x_wconf 86' lang='lat'><strong>.·</strong></span> <span class='ocrx_word' id='word_1_172' title='bbox 1457 3469 1532 3548; x_wconf 70' lang='lat' dir='ltr'><strong>mqtt</strong></span> 
     </span>
     <span class='ocr_line' id='line_1_26' title="bbox 512 3577 1531 3680; baseline -0.009 -24"><span class='ocrx_word' id='word_1_173' title='bbox 512 3602 627 3656; x_wconf 86' lang='lat' dir='ltr'><strong>temere</strong></span> <span class='ocrx_word' id='word_1_174' title='bbox 640 3584 693 3679; x_wconf 75' lang='lat' dir='ltr'><strong>esti</strong></span> <span class='ocrx_word' id='word_1_175' title='bbox 708 3583 857 3680; x_wconf 79' lang='lat' dir='ltr'><strong>arttsalso</strong></span> <span class='ocrx_word' id='word_1_176' title='bbox 875 3611 896 3653; x_wconf 92' lang='lat' dir='ltr'><strong>a</strong></span> <span class='ocrx_word' id='word_1_177' title='bbox 911 3583 1007 3655; x_wconf 91' lang='lat' dir='ltr'><strong>Croco</strong></span> <span class='ocrx_word' id='word_1_178' title='bbox 1021 3583 1151 3666; x_wconf 73' lang='lat' dir='ltr'><strong>dilium,</strong></span> <span class='ocrx_word' id='word_1_179' title='bbox 1169 3583 1228 3652; x_wconf 83' lang='lat' dir='ltr'><strong>vel</strong></span> <span class='ocrx_word' id='word_1_180' title='bbox 1241 3604 1280 3652; x_wconf 79' lang='lat' dir='ltr'><strong>eu</strong></span> <span class='ocrx_word' id='word_1_181' title='bbox 1290 3577 1444 3673; x_wconf 62' lang='lat' dir='ltr'><strong>Epdlola,</strong></span> <span class='ocrx_word' id='word_1_182' title='bbox 1460 3587 1531 3668; x_wconf 66' lang='lat' dir='ltr'><strong>qm</strong></span> 
     </span>
     <span class='ocr_line' id='line_1_27' title="bbox 514 3677 1533 3796; baseline -0.011 -26"><span class='ocrx_word' id='word_1_183' title='bbox 514 3701 700 3771; x_wconf 87' lang='lat' dir='ltr'><strong>Demetrius</strong></span> <span class='ocrx_word' id='word_1_184' title='bbox 727 3700 779 3789; x_wconf 74' lang='lat' dir='ltr'><strong>sse</strong></span> <span class='ocrx_word' id='word_1_185' title='bbox 809 3699 976 3796; x_wconf 60' lang='lat' dir='ltr'><strong>prendrait</strong></span> <span class='ocrx_word' id='word_1_186' title='bbox 1009 3698 1088 3770; x_wconf 88' lang='lat' dir='ltr'><strong>libro</strong></span> <span class='ocrx_word' id='word_1_187' title='bbox 1120 3696 1216 3779; x_wconf 87' lang='lat' dir='ltr'><strong>edito,</strong></span> <span class='ocrx_word' id='word_1_188' title='bbox 1242 3687 1443 3786; x_wconf 77' lang='lat' dir='ltr'><strong>deprehendi.</strong></span> <span class='ocrx_word' id='word_1_189' title='bbox 1490 3677 1533 3772; x_wconf 74' lang='lat' dir='ltr'><strong>El</strong></span> 
     </span>
     <span class='ocr_line' id='line_1_28' title="bbox 513 3797 1534 3913; baseline -0.013 -29"><span class='ocrx_word' id='word_1_190' title='bbox 513 3819 592 3884; x_wconf 87' lang='lat' dir='ltr'><strong>enim</strong></span> <span class='ocrx_word' id='word_1_191' title='bbox 605 3817 661 3886; x_wconf 88' lang='lat' dir='ltr'><strong>illa</strong></span> <span class='ocrx_word' id='word_1_192' title='bbox 677 3814 813 3913; x_wconf 74' lang='lat' dir='ltr'><strong>raerrdofi</strong></span> <span class='ocrx_word' id='word_1_193' title='bbox 829 3817 1024 3909; x_wconf 73' lang='lat' dir='ltr'><strong>expr·el]a-.</strong></span> <span class='ocrx_word' id='word_1_194' title='bbox 1061 3809 1200 3883; x_wconf 81' lang='lat' dir='ltr'><strong>Menda</strong></span> <span class='ocrx_word' id='word_1_195' title='bbox 1218 3799 1470 3904; x_wconf 82' lang='lat' dir='ltr'><strong>typographica</strong></span> <span class='ocrx_word' id='word_1_196' title='bbox 1481 3797 1534 3872; x_wconf 87' lang='lat' dir='ltr'><strong>hu·</strong></span> 
     </span>
     <span class='ocr_line' id='line_1_29' title="bbox 509 3917 1536 4026; baseline -0.014 -25"><span class='ocrx_word' id='word_1_197' title='bbox 509 3927 568 4022; x_wconf 82' lang='lat' dir='ltr'><strong>jus</strong></span> <span class='ocrx_word' id='word_1_198' title='bbox 585 3926 749 4002; x_wconf 86' lang='lat' dir='ltr'><strong>editionis</strong></span> <span class='ocrx_word' id='word_1_199' title='bbox 764 3944 888 4002; x_wconf 88' lang='lat' dir='ltr'><strong>utrum</strong></span> <span class='ocrx_word' id='word_1_200' title='bbox 905 3930 1101 4026; x_wconf 74' lang='lat' dir='ltr'><strong>typothetae</strong></span> <span class='ocrx_word' id='word_1_201' title='bbox 1127 3950 1174 3997; x_wconf 88' lang='lat' dir='ltr'><strong>an</strong></span> <span class='ocrx_word' id='word_1_202' title='bbox 1197 3918 1384 3996; x_wconf 73' lang='lat' dir='ltr'><strong>eorreclori</strong></span> <span class='ocrx_word' id='word_1_203' title='bbox 1409 3917 1536 3992; x_wconf 70' lang='lat' dir='ltr'><strong>Drun-</strong></span> 
     </span>
     <span class='ocr_line' id='line_1_30' title="bbox 516 4030 1539 4130; baseline -0.007 -16"><span class='ocrx_word' id='word_1_204' title='bbox 516 4068 614 4116; x_wconf 73' lang='lat' dir='ltr'><strong>nnio</strong></span> <span class='ocrx_word' id='word_1_205' title='bbox 635 4043 817 4116; x_wconf 87' lang='lat' dir='ltr'><strong>tribuenda</strong></span> <span class='ocrx_word' id='word_1_206' title='bbox 836 4046 915 4130; x_wconf 80' lang='lat' dir='ltr'><strong>sint,</strong></span> <span class='ocrx_word' id='word_1_207' title='bbox 941 4068 1013 4116; x_wconf 91' lang='lat' dir='ltr'><strong>non</strong></span> <span class='ocrx_word' id='word_1_208' title='bbox 1032 4041 1174 4116; x_wconf 83' lang='lat' dir='ltr'><strong>statuo:</strong></span> <span class='ocrx_word' id='word_1_209' title='bbox 1200 4039 1347 4114; x_wconf 83' lang='lat' dir='ltr'><strong>adrniffa</strong></span> <span class='ocrx_word' id='word_1_210' title='bbox 1362 4050 1456 4111; x_wconf 85' lang='lat' dir='ltr'><strong>certe</strong></span> <span class='ocrx_word' id='word_1_211' title='bbox 1472 4030 1539 4108; x_wconf 80' lang='lat' dir='ltr'><strong>sunl</strong></span> 
     </span>
     <span class='ocr_line' id='line_1_31' title="bbox 515 4141 1555 4255; baseline -0.011 -26"><span class='ocrx_word' id='word_1_212' title='bbox 515 4156 679 4252; x_wconf 85' lang='lat' dir='ltr'><strong>plurima,</strong></span> <span class='ocrx_word' id='word_1_213' title='bbox 704 4175 812 4255; x_wconf 86' lang='lat' dir='ltr'><strong>atque</strong></span> <span class='ocrx_word' id='word_1_214' title='bbox 833 4159 922 4232; x_wconf 82' lang='lat' dir='ltr'><strong>adeo</strong></span> <span class='ocrx_word' id='word_1_215' title='bbox 948 4158 984 4231; x_wconf 90' lang='lat' dir='ltr'><strong>in</strong></span> <span class='ocrx_word' id='word_1_216' title='bbox 1010 4156 1081 4255; x_wconf 85' lang='lat' dir='ltr'><strong>ipsa</strong></span> <span class='ocrx_word' id='word_1_217' title='bbox 1103 4160 1322 4232; x_wconf 79' lang='lat' dir='ltr'><strong>Dnmnrnrr</strong></span> <span class='ocrx_word' id='word_1_218' title='bbox 1339 4141 1555 4252; x_wconf 81' lang='lat' dir='ltr'><strong>praefationit.</strong></span> 
     </span>
     <span class='ocr_line' id='line_1_32' title="bbox 514 4259 1543 4368; baseline -0.009 -22"><span class='ocrx_word' id='word_1_219' title='bbox 514 4289 550 4346; x_wconf 89' lang='lat' dir='ltr'><strong>et</strong></span> <span class='ocrx_word' id='word_1_220' title='bbox 579 4270 706 4347; x_wconf 88' lang='lat' dir='ltr'><strong>Indicis</strong></span> <span class='ocrx_word' id='word_1_221' title='bbox 731 4289 828 4368; x_wconf 86' lang='lat' dir='ltr'><strong>parte</strong></span> <span class='ocrx_word' id='word_1_222' title='bbox 849 4299 870 4346; x_wconf 88' lang='lat' dir='ltr'><strong>a</strong></span> <span class='ocrx_word' id='word_1_223' title='bbox 891 4272 992 4347; x_wconf 90' lang='lat' dir='ltr'><strong>nobis</strong></span> <span class='ocrx_word' id='word_1_224' title='bbox 1019 4270 1202 4344; x_wconf 82' lang='lat' dir='ltr'><strong>exhibita:</strong></span> <span class='ocrx_word' id='word_1_225' title='bbox 1229 4295 1311 4368; x_wconf 77' lang='lat' dir='ltr'><strong>quae</strong></span> <span class='ocrx_word' id='word_1_226' title='bbox 1331 4293 1398 4342; x_wconf 87' lang='lat' dir='ltr'><strong>nos</strong></span> <span class='ocrx_word' id='word_1_227' title='bbox 1422 4259 1543 4342; x_wconf 71' lang='lat' dir='ltr'><strong>menda</strong></span> 
     </span>
     <span class='ocr_line' id='line_1_33' title="bbox 515 4375 1544 4486; baseline -0.009 -24"><span class='ocrx_word' id='word_1_228' title='bbox 515 4389 613 4462; x_wconf 87' lang='lat' dir='ltr'><strong>taciti</strong></span> <span class='ocrx_word' id='word_1_229' title='bbox 639 4388 851 4464; x_wconf 80' lang='lat' dir='ltr'><strong>correximus</strong></span> <span class='ocrx_word' id='word_1_230' title='bbox 877 4415 942 4463; x_wconf 88' lang='lat' dir='ltr'><strong>nec</strong></span> <span class='ocrx_word' id='word_1_231' title='bbox 966 4386 1193 4462; x_wconf 81' lang='lat' dir='ltr'><strong>describendo</strong></span> <span class='ocrx_word' id='word_1_232' title='bbox 1216 4408 1411 4486; x_wconf 82' lang='lat' dir='ltr'><strong>propagare</strong></span> <span class='ocrx_word' id='word_1_233' title='bbox 1436 4375 1544 4457; x_wconf 84' lang='lat' dir='ltr'><strong>volui·</strong></span> 
     </span>
     <span class='ocr_line' id='line_1_34' title="bbox 516 4504 1550 4605; baseline -0.006 -27"><span class='ocrx_word' id='word_1_234' title='bbox 516 4532 607 4580; x_wconf 83' lang='lat' dir='ltr'><strong>nius.</strong></span> <span class='ocrx_word' id='word_1_235' title='bbox 661 4506 830 4581; x_wconf 68' lang='lat' dir='ltr'><strong>levitatis</strong></span> <span class='ocrx_word' id='word_1_236' title='bbox 855 4533 895 4582; x_wconf 86' lang='lat' dir='ltr'><strong>ac</strong></span> <span class='ocrx_word' id='word_1_237' title='bbox 921 4504 1141 4605; x_wconf 78' lang='lat' dir='ltr'><strong>negligentia</strong></span> <span class='ocrx_word' id='word_1_238' title='bbox 1168 4505 1435 4600; x_wconf 64' lang='lat' dir='ltr'><strong>Delminium</strong></span> <span class='ocrx_word' id='word_1_239' title='bbox 1451 4519 1550 4574; x_wconf 75' lang='lat' dir='ltr'><strong>accu-</strong></span> 
     </span>
    </p>
   </div>
   <div class='ocr_carea' id='block_1_3' title="bbox 0 0 1828 5492">
    <p class='ocr_par' dir='ltr' id='par_1_3' title="bbox 0 0 1828 5492">
     <span class='ocr_line' id='line_1_35' title="bbox 0 0 1828 5492; baseline 0 0"><span class='ocrx_word' id='word_1_240' title='bbox 0 0 1828 5492; x_wconf 95' lang='lat' dir='ltr'><strong> </strong></span> 
     </span>
    </p>
   </div>
  </div>
 </body>
</html>
