3642 5492
367 642 454 719 xxiv
651 641 1115 722 PRAEFATIO.

367 840 438 915 tus,
463 824 550 900 mihi
571 822 730 901 viderer:
762 842 871 928 atque
893 827 956 918 ita,
981 832 1036 905 vel
1059 832 1127 905 hac
1150 829 1207 930 spe
1228 845 1400 906 recreatus

367 942 510 1018 alacrior
540 945 585 1018 ad
617 942 869 1041 quotidianum
899 972 990 1044 opus
1016 949 1230 1034 accederem,
1263 948 1320 1022 vel
1354 947 1401 1021 ad

368 1058 526 1157 quietern
552 1084 609 1133 me
634 1060 766 1147 darem,
791 1079 834 1135 ut
860 1064 1003 1136 auetore
1026 1065 1172 1138 Platone
1195 1062 1315 1168 suadet
1338 1061 1402 1136 Ci-

369 1201 461 1263 cero,
484 1202 525 1248 ea
541 1189 638 1272 parte
655 1173 776 1262 animi,
803 1201 883 1274 quae
898 1176 1027 1252 mentis
1042 1192 1076 1252 et
1091 1177 1222 1253 consilii
1240 1177 1302 1267 est,
1327 1176 1408 1276 agi·-

371 1306 445 1364 tata
478 1307 512 1366 et
544 1293 657 1364 crena
690 1289 909 1391 saturataque
941 1296 1113 1368 bonarum
1141 1291 1402 1394 cogitationum

371 1408 494 1504 epulis.
547 1406 652 1483 Faxit
671 1408 783 1494 Deus,
808 1424 850 1483 ut
876 1408 934 1482 hic
956 1409 1044 1483 mihi
1070 1409 1205 1485 studius
1221 1413 1262 1484 srt
1277 1434 1404 1508 perpe·

371 1527 480 1597 tuus!
519 1541 562 1598 ut
587 1524 661 1620 ejus
687 1539 779 1598 certe
803 1523 937 1622 aliquid
964 1523 999 1599 in
1027 1524 1146 1600 animo
1168 1527 1309 1612 hareat,
1337 1550 1406 1600 nec

372 1640 484 1716 turbis
502 1667 542 1714 ac
559 1639 660 1738 nugis
676 1642 889 1739 pervulgatae
910 1641 1170 1715 consuetudinis
1186 1667 1226 1716 ac
1243 1639 1326 1716 vitae
1344 1656 1402 1715 to·

374 1772 433 1831 tus
456 1756 647 1851 disjiciatur
670 1772 706 1829 et
726 1759 927 1832 evanescat!
958 1757 1074 1833 Faxit‘
1086 1774 1129 1833 ut
1154 1757 1247 1833 idem
1269 1755 1406 1833 fiudlus

377 1897 439 1970 per
454 1872 607 1946 nostram
625 1870 831 1946 Editionem
844 1874 888 1948 ad
906 1874 1075 1971 plurimos
1094 1874 1249 1950 dimanet
1267 1900 1308 1948 ac
1323 1897 1406 1972 pro·

374 2003 523 2088 pagetur
547 1989 721 2061 bonarum
745 1987 944 2064 Literarum
967 1989 1148 2077 studiosos,
1173 1988 1353 2066 Plutarchi
1369 2003 1407 2064 et

374 2104 522 2179 lectione
539 2103 770 2203 frequentata,
786 2123 822 2178 et
840 2103 1067 2205 intelligentia
1083 2104 1192 2207 magis
1204 2101 1280 2201 jam
1298 2129 1408 2204 expe·

376 2221 462 2295 dita.

427 2339 529 2411 Alter
547 2335 810 2411 Emendationis
826 2333 903 2410 sons
925 2350 998 2409 erat
1023 2336 1060 2411 in
1085 2335 1293 2414 audioritate
1309 2349 1408 2409 vete·

377 2479 456 2526 rum
478 2451 660 2537 librorum,
686 2477 770 2524 cum
792 2451 1001 2547 scriptorum
1020 2466 1099 2526 tum
1115 2452 1304 2527 editorum.
1356 2453 1407 2525 Et

377 2565 550 2664 principio
566 2563 711 2665 quidem
727 2591 772 2640 ex
790 2565 890 2640 editis
908 2593 981 2642 una
997 2581 1184 2642 contentus
1200 2593 1296 2641 eram
1311 2568 1408 2640 ὃτι-

381 2705 600 2757 annutans
616 2685 824 2768 recensione,
849 2709 933 2756 curn
960 2686 1154 2758 Genevensr
1171 2683 1293 2757 sormae
1310 2681 1408 2756 oeta·

377 2824 444 2885 rae,
488 2813 567 2871 tum
598 2795 655 2871 illa
686 2795 767 2870 hinc
801 2797 950 2895 repetita
982 2797 1254 2874 Graeco-Latina
1284 2796 1409 2872 formae

379 2911 543 2988 maximae
567 2937 651 2986 cum
677 2912 807 2988 Latina
835 2912 1119 3010 interpretatione
1145 2930 1181 2989 et
1205 2912 1298 2987 notis
1324 2915 1409 2988 Xu-

383 3054 538 3103 nasum
557 3058 565 3102 :
593 3028 761 3127 priomm,
779 3026 918 3102 Aldinae
933 3046 967 3102 et
989 3031 1181 3105 Basileenss
1196 3030 1329 3103 nullam
1345 3030 1410 3102 ha-

380 3146 509 3218 bebam
536 3143 721 3231 rationem,
751 3158 793 3217 ut
819 3143 929 3242 magis
959 3144 1065 3219 etiam
1092 3171 1202 3244 quam
1229 3148 1411 3220 Srsrun·

382 3284 518 3335 maun
553 3259 825 3332 mendosarum:
864 3275 995 3333 temere
1024 3260 1183 3358 quidem,
1217 3276 1259 3333 ut
1288 3257 1411 3356 postea

380 3373 519 3474 agnovi,
543 3389 579 3446 et
597 3398 746 3447 errorem
762 3400 884 3447 meum
902 3374 1047 3448 correxi.
1100 3373 1275 3472 Principio
1300 3372 1411 3472 igitur

382 3489 484 3565 unice
512 3488 648 3571 codices
680 3486 821 3585 scriptos
854 3488 1087 3563 consedabar.
1139 3488 1410 3564 Constituebam

382 3604 572 3704 praecipuas
595 3629 657 3702 per
680 3607 860 3699 Europam
887 3604 1118 3680 Bibliothecas
1142 3605 1247 3693 adire,
1273 3602 1414 3678 codices

381 3723 468 3795 meis
492 3722 605 3819 ipsum
633 3717 796 3793 manibus
821 3720 964 3792 trattare
988 3737 1022 3792 et
1043 3745 1236 3818 excerpere.
1288 3719 1413 3814 Hujus

384 3852 501 3909 tamen
520 3835 650 3911 confilii
667 3834 809 3908 effeetus
825 3832 915 3907 intra
930 3861 1040 3907 unam
1057 3833 1206 3909 substitit
1222 3832 1411 3909 Parisrnam

384 3949 710 4048 peregrinationem.
762 3950 863 4035 Illuc,
879 3964 920 4021 ut
938 3948 1093 4046 primum
1111 3948 1226 4046 potui,
1250 3964 1330 4021 ante
1347 3949 1412 4021 hos

384 4063 604 4163 undeviginti
629 4053 751 4152 annos,
776 4063 937 4152 evolavi;
971 4065 1068 4161 quod
1093 4063 1310 4150 audivissem,
1336 4065 1411 4138 col-

385 4180 550 4255 lediones
565 4179 737 4253 variarum
754 4178 946 4252 lestionum
960 4179 1103 4275 amplas,
1131 4203 1150 4250 e
1175 4177 1295 4252 multis
1311 4179 1411 4252 codi-

386 4295 484 4371 cibus
501 4293 675 4393 congestas
690 4291 904 4390 paratasque,
923 4289 972 4364 ibi
989 4290 1121 4365 servari.
1164 4293 1274 4392 Qrod
1294 4317 1412 4389 quum

386 4412 530 4508 praesens
556 4410 625 4506 ipse
655 4422 716 4480 aut
743 4431 868 4501 parum
891 4420 952 4478 aut
980 4403 1128 4479 nihilum
1154 4407 1219 4479 esse
1240 4403 1411 4503 intellige-

387 4553 486 4615 rem5
522 4524 605 4598 dedi
633 4547 691 4597 me
716 4521 760 4595 ad
783 4518 872 4619 ipsos
897 4520 1034 4594 codices
1058 4518 1295 4606 conferendos,
1320 4544 1413 4618 quos
