3642 5492
478 647 538 723 vu
758 591 1280 723 rnnrnrro.¹

478 829 642 906 in‘briiiri
670 832 850 908 dedititiae
867 838 1006 933 ¹genere,
1035 831 1216 933 egregium
1244 832 1290 904 ad
1317 829 1447 930 ingenii
1475 840 1513 906 et

477 947 618 1022 virtutis
643 947 824 1023 fructum:
852 951 928 1024 haec
950 949 1069 1048 igitur,
1092 946 1253 1048 quamvis
1273 972 1366 1031 vera,
1393 961 1515 1018 tamen

479 1062 729 1161 supervacanea
752 1069 791 1140 fit
815 1066 940 1154 oratio,
969 1065 1102 1165 quippe
1122 1067 1167 1138 de
1188 1090 1223 1138 re
1245 1064 1452 1161 pervulgata
1476 1075 1514 1133 et

479 1182 610 1256 nemini
637 1182 758 1258 dubia.
817 1182 1042 1259 Peculiariter
1066 1181 1132 1256 viri
1166 1178 1348 1279 ingenium
1380 1175 1514 1252 dostri-

479 1327 632 1401 namque
658 1301 840 1400 eiiplicare‚
875 1303 977 1376 dotes
1010 1299 1154 1373 interius
1186 1296 1362 1395 inspicere,
1392 1320 1513 1368 earum

479 1418 630 1493 modum
647 1417 888 1516 rationemque
906 1416 1114 1515 expendere,
1137 1413 1316 1487 censuram
1334 1436 1444 1510 agere,
1463 1409 1515 1482 est

479 1531 557 1606 sane
584 1559 674 1632 opus
700 1559 766 1608 nec
795 1535 915 1607 aetum
940 1559 1005 1606 nee
1032 1532 1338 1630 supervacaneum,
1366 1542 1513 1601 etcum

479 1650 621 1724 editoris
636 1649 815 1748 provincia
832 1649 882 1723 ita
898 1650 1142 1746 conjunstum,
1168 1664 1210 1722 ut
1234 1671 1352 1721 verear
1374 1672 1417 1719 ne
1438 1648 1513 1743 ple-

480 1765 579 1863 rique
592 1768 674 1853 hoe,
687 1780 872 1864 tamquam
882 1765 1059 1854 debitum,
1076 1765 1248 1840 continuo
1261 1765 1298 1839 in
1311 1764 1516 1862 praesatione

481 1880 542 1955 sibi
560 1880 689 1957 exsolvi
712 1897 747 1956 et
772 1881 918 1979 cupiant
938 1898 974 1957 et
996 1883 1209 1981 exspectent.
1262 1881 1404 1979 atejus
1423 1900 1514 1957 trac·

360 2050 362 2055 -
480 1997 570 2071 tatio
595 2024 709 2096 quum
732 2013 806 2071 tam
828 1998 897 2072 late
917 2011 1050 2095 pateat,
1075 2015 1117 2070 ut
1140 1999 1179 2071 tit
1199 1995 1285 2093 justi
1301 1996 1406 2072 instar
1420 1996 1516 2085 libri,

479 2140 520 2187 ac
543 2128 664 2189 totum
683 2114 904 2216 prasationis·
918 2114 1071 2213 spatium
1093 2128 1308 2212 occupatura
1324 2111 1515 2201 videatur;

480 2257 558 2303 eam
588 2231 955 2307 Animadverfionibus
984 2231 1222 2307 reservandam
1248 2230 1351 2317 duxi,
1380 2230 1443 2304 ubi
1470 2231 1516 2303 de

480 2347 546 2421 viri
559 2347 649 2435 vita,
662 2341 782 2436 iebus,
801 2343 947 2447 scriptis,
965 2367 1173 2447 exponetur.
1217 2351 1326 2423 Nunc
1342 2349 1386 2422 ad
1402 2346 1517 2445 operis

481 2462 655 2536 summam
672 2453 814 2538 festino:
836 2490 931 2539 nunc
950 2467 1119 2540 Plutarchi
1135 2465 1298 2552 Moralia,
1315 2464 1526 2558 emendata„

484 2582 620 2666 Graeca,
644 2596 679 2654 et
706 2580 834 2656 latine
860 2583 965 2668 uersa,
992 2607 1076 2656 cum
1101 2582 1197 2656 brevi
1223 2569 1535 2656 emendationum

482 2696 675 2785 notatione,
706 2699 857 2773 emitto:
893 2699 1063 2796 reliquam
1089 2723 1234 2772 omnem
1260 2696 1517 2795 interpretatio-

483 2834 566 2898 nem
598 2810 688 2884 libro
722 2810 1089 2898 Animadverfionum,
1129 2831 1217 2885 'mox
1258 2810 1517 2896 submittendo,

482 2928 724 3022 complodan-
768 2929 888 3027 Qiam
923 2925 1175 3000 distributionis
1207 2924 1379 2998 rationem
1408 2947 1519 3022 quare

482 3042 693 3138 sequendam
709 3043 921 3140 putaverim,
939 3044 1061 3141 paucis
1075 3044 1325 3119 declarandum
1341 3041 1403 3116 est.

534 3156 728 3255 Vigesrmus
743 3175 779 3233 et
799 3158 969 3233 secundus
987 3157 1044 3234 hic
1063 3157 1112 3233 est
1131 3185 1256 3246 annus,
1283 3185 1399 3257 quum
1420 3160 1520 3235 edito

357 3345 359 3349 .
487 3271 655 3343 Plutarchi
679 3272 720 3345 de
749 3255 826 3345 Sera
853 3273 1003 3348 Numinis
1032 3275 1184 3359 Vindicio
1206 3270 1325 3345 libello
1353 3271 1449 3369 spem
1475 3276 1519 3347 fi-

484 3385 637 3481 demque
671 3383 737 3460 seci
770 3389 990 3461 edendorum
1030 3388 1191 3484 Operum
1225 3387 1406 3461 Plutarchi
1429 3411 1518 3459 'om-

485 3501 599 3584 nium.
633 3503 878 3598 Proponebam
896 3503 1059 3579 editionis
1077 3504 1165 3577 mihi
1182 3503 1334 3579 sormam
1351 3502 1520 3578 omnibus

486 3619 643 3693 numeris
669 3619 890 3694 absolutam:
929 3647 1043 3717 neque
1069 3620 1293 3707 dubitabam,
1324 3617 1412 3718 quin
1438 3646 1519 3695 eam

487 3737 539 3804 vel
563 3733 745 3807 subsecivis
768 3733 874 3820 horis,
901 3733 994 3810 intra
1016 3734 1223 3830 proximum
1243 3732 1456 3808 decennium
1473 3737 1519 3810 ad

486 3853 594 3922 finem
622 3852 857 3947 perdusiurus
886 3854 1001 3927 etiem.
1053 3857 1138 3955 Qua
1165 3851 1202 3925 in
1229 3853 1287 3951 spe
1313 3877 1402 3949 opus
1432 3878 1519 3926 cum

486 3973 645 4059 tempore¹
670 3969 742 4038 ndn
757 3957 860 4039 ¹redte
885 3969 1147 4064 comparabam.
1200 3971 1257 4042 Ex
1275 3966 1520 4053 adolescentia,

489 4081 597 4156 veluti
614 4084 684 4155 alta
701 4081 852 4178 specula,
878 4085 1107 4184 inreliquum
1122 4085 1206 4159 ritae
1223 4085 1387 4183 spatium,
1405 4099 1447 4170 ut
1464 4084 1520 4159 in·

486 4215 628 4298 gentem
658 4215 694 4272 et
725 4202 823 4274 nulio
865 4201 976 4276 limite
996 4202 1315 4300 'circumscriptum
1349 4225 1537 4299 campum-

489 4312 768 4411 prospiciebam:
813 4302 915 4414 opus
950 4343 1072 4390 meum
1107 4315 1219 4392 oculis
1254 4315 1341 4390 mihi
1374 4314 1522 4392 uidebar

488 4429 677 4528 complesti
700 4447 740 4505 ut
764 4449 845 4505 ante
871 4459 927 4506 me
946 4450 982 4506 et
1006 4433 1166 4530 proxime
1194 4438 1359 4532 positum,
1383 4431 1523 4530 quippe

488 4546 587 4642 quod
617 4546 788 4622 metiebar
820 4548 931 4624 modo
966 4548 1156 4643 uolmninis
1190 4548 1394 4626 Plutarehei
1419 4543 1523 4647 'cujus
