3642 5492
368 634 393 694 el
740 622 1029 686 INDEX

373 784 641 856 1111011.011ιῇ,
671 789 823 848 Rhodonie
843 790 861 847 i.
872 812 896 848 e.
917 787 1062 855 Rosetnm,
1082 786 1127 846 seu
1146 787 1330 867 Florilegium
1348 788 1403 850 M!

533 872 655 932 Macarii
677 870 918 948 Chrysocephalae,
942 870 990 927 ubi
1011 869 1166 947 frequentes
1186 869 1252 928 sunt
1271 873 1326 931 loci
1347 872 1403 931 Plu«

533 953 648 1010 tarchei.
693 954 823 1009 Servatur
850 952 879 1008 in
903 952 1077 1010 Bibliotheca
1102 951 1130 1008 S.
1153 951 1248 1010 Marri
1274 953 1403 1012 Venetiir

533 1035 673 1091 Videatur
685 1033 731 1090 Cl.
746 1033 918 1090 Villoisonns
932 1033 961 1089 in
979 1032 1131 1090 Anecdotis
1147 1032 1199 1090 Gr.
1218 1033 1281 1092 eii.
1303 1054 1332 1113 p.
1346 1053 1367 1108 4
1387 1053 1403 1092 ε·

535 1115 560 1172 se
604 1160 610 1172 .

376 1197 506 1258 blarru.
537 1136 798 1254 hirimadversrones
812 1193 963 1253 Christiani
977 1193 1108 1253 Friderici
1123 1193 1265 1261 Matthaei,
1282 1194 1337 1251 viri
1351 1213 1403 1252 eru«

536 1276 669 1343 ditiffimi,
683 1277 718 1333 ad
733 1286 787 1333 tres
801 1276 906 1334 libellos
921 1276 1097 1334 Plutarchooe
1111 1276 1147 1333 ab
1160 1272 1220 1353 ipso
1231 1275 1322 1332 editos
1335 1273 1403 1334 Mol

535 1378 594 1414 cun
612 1357 719 1414 duobus
740 1355 846 1414 seorfim
866 1356 1057 1414 voluminibus
1077 1355 1176 1414 formae
1193 1353 1320 1414 oclavae:
1343 1375 1403 1433 qua

538 1458 601 1496 rum
616 1438 702 1495 altero
714 1439 789 1495 edito
810 1450 895 1514 1777,
915 1439 1096 1495 continentur
1107 1435 1195 1495 libelli
1207 1437 1271 1505 duo,
1294 1437 1340 1495 Dr
1351 1437 1401 1496 For

538 1534 611 1586 rnna,
625 1520 698 1575 item¹
709 1519 751 1576 Dc
768 1517 859 1595 Vrtifir
873 1517 994 1576 Pudore:
1016 1518 1102 1576 altem
1119 1517 1204 1596 1778,
1223 1518 1247 1576 is
1260 1517 1305 1575 Dc
1319 1515 1403 1598 Soprr«

526 1600 630 1675 stitione
642 1619 708 1656 cum
722 1599 935 1657 Demosthenica
949 1599 1094 1657 Oratione.

378 1684 465 1741 olii.
479 1691 507 1738 et
520 1683 647 1739 Annon.
679 1680 828 1737 Sententiae
848 1681 875 1738 S.
890 1680 1015 1739 Maximi
1028 1689 1057 1737 et
1074 1681 1102 1739 S.
1115 1678 1246 1746 Antonii,
1267 1677 1298 1736 in
1313 1678 1403 1756 quibu

538 1761 653 1819 subinde
665 1770 814 1818 occurrunt
833 1760 886 1818 loci
908 1761 1074 1819 Plutarchei.
1115 1758 1191 1818 Usus
1212 1757 1273 1816 sum
1294 1761 1403 1818 edition

539 1841 718 1908 Gesneriana‚
740 1842 826 1906 idest,
847 1862 879 1899 eo
891 1842 1029 1919 exemplo,
1050 1861 1106 1918 quo
1120 1859 1166 1899 eas
1180 1839 1290 1899 Stobreo
1303 1839 1352 1900 suo
1366 1842 1402 1900 ad

534 1921 604 2001 jecit
617 1923 764 1980 Conradua
778 1920 925 1980 Gesnerus.

379 2006 465 2064 Mna.
542 2004 757 2062 Emendationea
779 2003 892 2061 Bacheti
911 2005 945 2061 de
963 2003 1108 2071 Meziriac,
1130 2001 1274 2078 adscripta
1293 2001 1403 2080 margin

539 2085 671 2163 Exempli
685 2085 867 2164 Stephaniani
880 2083 1009 2162 Operum
1021 2083 1164 2142 Moralium
1178 2082 1331 2142 Plutarchi.
1355 2084 1403 2142 Ser

425 2215 431 2226 .
541 2176 644 2223 vantur
656 2168 686 2224 in
700 2166 873 2223 Bibliotheca
893 2166 1055 2223 Acadcmiae
1068 2165 1345 2242 LugdunoBatavae,
1365 2163 1403 2224 Li

539 2248 654 2304 brorum
667 2245 860 2304 Vollianorum
875 2245 967 2303 Num.
983 2247 1048 2320 164.

379 2330 482 2387 Mose.
499 2347 524 2387 1.
540 2346 566 2386 2.
599 2328 714 2385 Codices
727 2328 784 2384 duo
797 2326 891 2404 scripti
905 2327 1085 2384 Bibliothecae
1099 2325 1275 2393 Moseueufia,
1296 2322 1403 2384 Sanffil

540 2411 616 2466 fimae
637 2409 750 2484 Synodi.
785 2407 918 2465 Quonim
938 2408 1116 2465 collationem
1140 2409 1224 2465 debeo
1244 2407 1403 2464 humanitat

542 2490 685 2554 Matthaei,
705 2487 877 2546 eruditillimi
898 2489 961 2558 riri,
984 2487 1139 2546 Profelloris
1158 2496 1221 2545 tum
1239 2485 1403 2546 Moscuenfit

542 2588 618 2629 nune
632 2569 867 2645 Wittebergensrs.

384 2650 445 2708 MS.
539 2650 635 2706 Variae
655 2647 785 2706 leitionea
805 2651 935 2726 quadam
958 2650 988 2706 in
1009 2648 1044 2706 iis
1063 2669 1128 2726 quae
1148 2650 1183 2707 ad
1202 2647 1307 2706 calcem
1328 2648 1403 2706 triun

541 2731 696 2787 editionum
710 2730 991 2788 Gracc-Latinarum
1011 2731 1127 2798 exstant,
1147 2728 1243 2787 divorti
1262 2728 1366 2788 codicia
1383 2731 1403 2787 al

543 2812 598 2869 illia
613 2813 661 2889 qui
677 2812 764 2869 literis
776 2809 860 2870 T.V.
871 2812 904 2870 B.
919 2822 947 2868 et
961 2813 990 2880 P,
1005 2810 1205 2888 significantur.

382 2927 422 2985 N.
543 2926 638 2983 Codex
663 2924 780 3004 scriptun
804 2926 984 2985 Bibliotheeae
1008 2927 1107 3004 Regiae
1131 2925 1294 2984 Parifiensu,
1326 2923 1403 2986 Num

543 3007 674 3085 Catalogi
691 3026 779 3087 2992.

544 3121 640 3178 Codex
663 3118 781 3197 scriptus
803 3120 883 3178 Libri
908 3120 952 3178 Dr
972 3121 1061 3179 Arimi
1079 3120 1257 3200 procreatione.
1299 3120 1403 3198 Collegi

544 3202 678 3278 Corporis
691 3201 805 3259 Christi.

545 3315 640 3371 Codex
656 3314 781 3392 scriptur,
795 3315 1104 3374 Palatino-Vaticanum.
1134 3315 1227 3373 Num.
1244 3328 1311 3392 170.

547 3397 641 3452 Codex
656 3395 782 3473 scriptur,
803 3417 859 3473 quo
875 3398 1063 3464 continentur,
1084 3394 1221 3454 Plutarchi
1236 3393 1403 3474 Consolatioo

545 3476 713 3554 Apollonium,
736 3478 804 3535 item
818 3478 1013 3554 Xenophontis
1026 3477 1151 3536 Historia
1163 3478 1272 3542 Grmca,
1293 3476 1403 3553 Appia!

547 3558 667 3635 Syriaca,
682 3557 755 3614 alia:
778 3557 958 3616 Bibliothecae
970 3560 1131 3617 Academia
1144 3558 1403 3635 LugdunoBatarr

546 3660 579 3695 cx
594 3638 687 3716 legato
699 3637 765 3712 Jac.
780 3637 917 3697 Pcrizouii.

387 3721 500 3778 Parata
515 3721 581 3777 itcm
598 3721 627 3777 P.
660 3718 804 3777 Lettioncr
817 3720 919 3777 codicis
932 3719 1085 3790 Petaviani,
1100 3721 1134 3779 ad
1147 3720 1252 3779 calcem
1265 3718 1403 3778 effitionur

547 3801 838 3859 GraecoLatinarum.

387 3882 461 3938 l'ot.
551 3882 694 3939 Lectiones
708 3883 809 3939 codicis
824 3882 924 3939 Donati
938 3882 1005 3951 Posi,
1019 3884 1048 3940 in
1063 3881 1234 3941 Collcdtionc
1248 3881 1369 3940 Mureti,

389 3995 498 4050 Rarsn.
550 3993 739 4051 Correeliones
756 3992 791 4066 J.
802 3992 836 4067 J.
849 3991 940 4066 hostii
959 3993 1086 4070 Operum
1109 3993 1252 4050 Moralium
1272 3990 1403 4050 Plutarch

549 4075 666 4149 proditae
676 4073 958 4133 Animadversionum
973 4077 1008 4132 ad
1022 4076 1133 4134 Graecos
1148 4075 1299 4150 Scriptores
1313 4071 1403 4129 Votll

390 4154 556 4212 Ronotru.
578 4155 721 4211 Lolliones
735 4156 871 4214 Codicum
886 4156 1044 4213 Cardinalis
1059 4153 1182 4234 odulphi
1201 4156 1230 4213 iu
1251 4151 1403 4211 Colleetion

550 4233 721 4293 Muretiana.

391 4352 524 4409 Senon.
552 4346 687 4406 Cotlctlto
700 4347 840 4406 variarum
855 4349 1007 4408 ledlionum
1022 4373 1037 4407 c
1051 4351 1199 4409 Codicibua
1213 4349 1337 4407 Italicis:
1361 4366 1403 4424 qu

550 4450 582 4486 ex
599 4429 768 4486 Bibliotheca
782 4432 872 4487 Andr.
888 4431 1003 4498 Schotti,
1025 4433 1055 4489 in
1075 4432 1158 4489 libros
1171 4428 1316 4492 Voffianoa
1330 4429 1403 4486 relat

551 4512 728 4662 {apppupqin
761 4512 933 4569 Bibliotheca
961 4514 1121 4572 Academiae
1155 4511 1403 4588 Lugduno-Batan

699 4635 704 4647 Ι

677 4656 686 4667 κ
