3642 5492
624 683 1091 762 PRAEFATIO.
1248 688 1381 764 cxxxiii

379 865 437 960 Νρν
449 871 586 942 Suaviter
603 872 760 971 Viuisec.
781 874 913 971 Epicur.
933 901 968 972 p.
988 901 1092 962 1102,
1111 874 1152 962 B,
1169 899 1241 972 qua
1258 878 1380 975 vulga-

378 997 440 1055 tum
457 987 545 1057 daher
571 993 674 1083 λέγων.
722 1002 751 1059 'l'
753 992 766 1059 d
792 995 844 1083 μὶν
867 977 993 1091 dedalei
1014 995 1096 1062 ’ἔθυον
1122 994 1154 1061 eti
1177 997 1378 1090 προσέχουσιν

374 1100 423 1170 dliv
438 1136 475 1194 μη
497 1108 591 1187 θεοῖς,
616 1117 777 1175 mutatur
795 1103 856 1189 ita,
883 1106 986 1177 ἕπεται
1010 1113 1102 1201 λέγων
1125 1108 1159 1176 ad
1177 1108 1377 1206 Μενάνδρειον,

369 1209 451 1287 ‘Ebu
470 1220 498 1287 tri
522 1224 711 1320 προςέχεσνν
740 1223 801 1291 κ’δέν
830 1255 881 1314 μοι
908 1227 1001 1299 θεοῖς.
1055 1217 1169 1315 Atqui
1195 1219 1378 1317 utrlulque

374 1324 477 1401 intenti
488 1331 562 1403 laus
579 1333 731 1405 debetur
746 1332 853 1406 etiam
873 1337 1202 1418 Vnncxnmxnm,
1228 1333 1290 1431 qui
1307 1334 1376 1407 eal'-

372 1440 434 1528 dem
447 1445 587 1541 protulit
601 1448 876 1534 emendationes²
893 1447 985 1522 illam
998 1450 1042 1520 ad
1058 1448 1226 1522 Phoeniff.
1246 1477 1282 1547 p.
1292 1478 1335 1549 25
1346 1479 1376 1536 1,

370 1555 439 1631 hanc
463 1558 494 1632 in
521 1560 685 1635 Diatribe
712 1563 835 1660 Eurip.
862 1589 899 1659 p.
919 1567 1002 1657 284,
1029 1581 1065 1636 et
1090 1562 1153 1636 diu
1176 1583 1257 1636 ante
1282 1566 1376 1638 hunc

370 1672 628 1751 Mezrnrxcus.

406 1788 491 1863 Licet
517 1790 626 1889 igitur
654 1791 822 1865 affiimare
850 1810 911 1868 aut
943 1796 1054 1867 nullas
1076 1810 1137 1869 aut
1162 1794 1377 1892 paucissimas

370 1905 664 2002 effecorrec‘tioneq
683 1937 776 2008 quae,
805 1910 864 1983 niti
889 1939 909 1984 a
935 1915 1125 1987 unsre-10
1144 1911 1307 2000 inventae,
1333 1914 1378 1985 ad

372 2022 493 2099 nolbam
517 2024 758 2126 cognitionem
785 2053 857 2100 non
884 2028 1132 2123 pervenissent:
1179 2027 1247 2100 Sed
1274 2026 1378 2123 quid-

371 2136 436 2232 quid
462 2138 788 2214 Animadversrones
816 2144 995 2215 Rnrsxrr
1030 2143 1161 2215 habent
1184 2142 1283 2229 boni,
1312 2144 1379 2216 hoc

370 2250 509 2347 ejusmodi
527 2271 622 2329 certe
639 2257 689 2330 est
706 2272 747 2331 ut
765 2259 860 2331 haud
878 2254 1063 2330 mediocris
1087 2256 1137 2329 illi
1158 2259 1231 2330 laus
1251 2259 1379 2330 debea-

371 2381 425 2457 tur,
449 2373 506 2470 qui
533 2371 641 2446 unius
670 2371 795 2446 aestatis
826 2372 998 2447 brevitate
1028 2387 1171 2446 tantum
1200 2373 1376 2448 effecerit:

370 2486 540 2586 quidplus
569 2487 677 2561 etiam
701 2487 876 2575 effeeilset,
903 2487 1060 2585 principe
1085 2486 1123 2560 in
1146 2487 1284 2562 Criticis
1301 2490 1380 2562 loco

371 2598 524 2677 habendus
541 2605 624 2677 effet
642 2634 650 2677 ε
679 2606 778 2701 quod
796 2631 840 2677 ne
859 2604 929 2701 ipse
947 2603 1107 2701 quidem,
1126 2625 1284 2702 quaerat
1302 2632 1379 2679 mo-

371 2715 451 2792 destia
472 2737 507 2793 et
531 2718 584 2793 sui
606 2735 805 2807 contemtu,
832 2745 1007 2817 umquam
1024 2719 1084 2793 fibi
1100 2721 1286 2819 arrogavit.
1332 2723 1380 2793 E-

371 2829 486 2925 quidem
513 2833 671 2933 religioni
703 2834 790 2908 mihi
816 2834 905 2908 duxi
933 2861 1054 2908 omnes
1081 2838 1266 2910 Rursxrt
1297 2861 1380 2909 con-

369 2946 490 3040 ltlhtm
506 2979 724 3027 memorare:
747 2951 940 3027 memoravi
959 2979 1015 3026 eas
1031 2979 1111 3050 quae
1127 2950 1282 3048 aliquam
1300 2978 1382 3048 pro-

374 3065 566 3147 habilitatem
582 3087 617 3146 et
636 3072 767 3172 ingenii
784 3071 1075 3172 significationem
1093 3072 1262 3145 haberent
1277 3106 1289 3160 3
1316 3098 1383 3145 cae-
1415 3089 1421 3102 '

374 3189 560 3264 oraomifi.
613 3191 743 3288 Neque
772 3192 886 3287 probo
916 3189 1078 3263 Editores
1106 3187 1291 3286 quosdam,
1321 3187 1383 3287 qui

375 3293 541 3380 laedendis
559 3304 778 3380 Audtoribus
796 3332 817 3378 a
833 3308 1024 3379 Rnrsxro
1043 3298 1211 3393 tractatis,
1237 3306 1385 3404 singulas

377 3418 587 3522 mersasque
613 3423 685 3519 ejus
713 3423 1040 3497 Animadverfiones
1072 3437 1248 3518 repetunt.
1301 3421 1385 3494 Vidi

378 3533 449 3625 vdeo,
477 3537 513 3613 in
539 3565 615 3637 quo
643 3537 750 3612 risum
776 3555 892 3611 tenere
917 3564 988 3610 non
1014 3536 1131 3635 potui,
1161 3537 1315 3634 aliquem
1341 3537 1387 3607 de

370 3649 575 3753 ‘philosophiae
599 3653 740 3728 historia
758 3653 979 3739 scribentem,
1006 3654 1067 3750 qui
1095 3650 1274 3724 Plutarchi
1291 3652 1386 3724 locos

325 3783 326 3848 j
379 3763 412 3844 lb
430 3775 620 3861 exhiberet,
646 3790 688 3846 ut
714 3776 897 3846 Rnrsxtr
931 3769 1176 3854 correctiones,
1203 3765 1388 3840 lalfiffimas

325 3863 330 3974 l
380 3885 470 3981 eliam,
487 3891 607 3966 sedulo
625 3889 725 3965 uncis
743 3887 902 3975 inclusas,
926 3913 966 3961 ac
990 3886 1060 3959 loci
1077 3883 1264 3957 contextui
1283 3882 1387 3957 inter·

325 3983 331 4108 Ξ
378 3994 467 4096 leder,
494 4008 668 4081 adderet:
707 4003 770 4103 qui
802 4030 912 4102 quam
947 4004 1070 4076 Graece
1105 3997 1208 4073 luerit
1243 3998 1388 4096 peritus,

325 4113 326 4118 ἵ
382 4139 462 4212 quun
482 4120 665 4197 Plutarchi
689 4120 897 4218 intelligenS,
924 4116 1022 4190 lacile
1047 4113 1097 4188 est
1122 4116 1166 4187 ad
1189 4114 1390 4188 existiman-

383 4229 456 4311 dum.
505 4242 689 4314 Rursxtr
718 4235 1006 4320 correctionibus,
1033 4258 1121 4330 quas
1145 4231 1292 4329 quidem
1316 4256 1390 4302 me-

386 4369 496 4426 moratu
526 4354 650 4454 dignas
676 4352 885 4450 judicarem,
921 4375 1052 4422 nomen
1083 4347 1188 4445 ipsrus
1221 4343 1389 4443 apposui:

389 4459 600 4555 humliter
627 4496 706 4543 mea
729 4468 798 4567 ipse
820 4466 1022 4563 conjectura
1048 4465 1178 4538 multas
1197 4460 1392 4559 repererim,

338 4621 341 4634 ·
390 4582 607 4679 proprietatem
641 4613 713 4662 non
749 4584 837 4660 mihi
871 4580 1060 4668 vindicavi,
1103 4605 1168 4655 nec
1203 4582 1393 4653 Rcrsxro

842 4697 896 4796 ia
